2646 4170
166 408 206 474 86
483 424 520 471 Ι).
537 423 640 471 suun
662 423 872 473 Juvnnnms

164 590 309 671 Coeperit
323 600 355 652 et
368 589 454 670 longi
468 610 645 651 mucronem
659 589 822 650 admittere
837 590 936 667 cultri,

163 687 273 749 Falsus
287 687 346 748 erit
360 687 456 761 testis,
472 687 587 748 vendet
601 686 735 771 perjuria
748 706 870 748 summa

163 785 294 863 Exigua,
310 784 429 845 Cereris
442 793 574 863 tangens
588 801 733 862 aramque
747 783 927 864 pedemque.

162 880 287 940 Elatam
302 879 369 959 jam
383 880 473 944 crede
487 899 608 954 nurum,
622 879 648 939 si
661 879 768 939 limina
781 888 885 940 vestra
1120 901 1167 946 220

162 976 323 1037 Mortifera
337 996 408 1037 cum
422 976 495 1036 dote
510 976 601 1035 subit
643 974 763 1047 Quibus
777 975 829 1036 illa
842 988 1000 1056 premetur

163 1074 226 1134 Per
239 1093 381 1134 somnum
394 1071 516 1152 digitis!
538 1091 610 1132 nam
626 1091 703 1151 quae
717 1071 859 1151 terraque
873 1074 1011 1155 marique

163 1169 361 1250 Acquirenda
374 1178 466 1249 putas
480 1167 604 1228 brevior
615 1167 666 1228 via
680 1168 816 1228 conferet
829 1169 883 1230 illi.
980 1189 984 1198 ·

162 1267 277 1328 Nullus
291 1264 374 1326 enim
387 1265 492 1345 magni
507 1264 628 1326 sceleris
642 1264 736 1325 labor.
778 1271 795 1301 “
805 1265 892 1329 Haec
906 1287 965 1348 ego
978 1289 1137 1350 nunquam

163 1361 341 1438 Mandavi,”
355 1362 439 1423 dices
453 1361 536 1436 olim,
549 1368 567 1398 “
575 1381 633 1422 nec
646 1361 721 1422 talia
734 1362 842 1423 suasi.’'
1119 1383 1166 1427 225
1189 1372 1192 1376 '

163 1461 280 1523 Mentis
294 1479 386 1522 causa
399 1460 497 1520 malae
511 1467 616 1519 tamen
631 1467 678 1518 est
693 1467 725 1519 et
738 1459 825 1540 origo
838 1481 933 1541 penes
946 1469 987 1523 te.

163 1560 247 1620 Nam
262 1557 398 1639 quisquis
411 1555 516 1637 magni
530 1576 639 1617 census
652 1557 809 1638 praecepit
823 1577 958 1620 amorem

163 1657 206 1717 Et
219 1651 444 1718 laevo'monitu
459 1673 569 1734 pueros
583 1653 728 1734 producit
742 1674 859 1730 avaros,

163 1754 207 1816 Et
220 1755 274 1835 qui
287 1774 342 1833 per
354 1753 477 1814 fraudes
490 1751 677 1832 patrimonia
690 1754 915 1834 conduplicare,

162 1852 228 1912 Dat
242 1852 416 1912 libertatem
430 1858 463 1910 et
477 1857 559 1911 totas
574 1849 705 1910 effirndit
719 1850 854 1912 habenas

164 1949 341 2024 Cuniculo;
362 1966 454 2028 quern
468 1946 493 2008 si
507 1965 632 2007 revoces
646 1946 810 2009 subsistere
824 1949 922 2012 nescit

163 2046 206 2107 Et
220 2056 252 2108 te
266 2033 445 2126 contempto
459 2045 577 2125 rapitur
592 2045 742 2126 metisque
756 2046 880 2108 relictis.

162 2144 265 2205 Nemo
280 2144 353 2205 satis
367 2143 467 2204 credit
480 2151 605 2204 tantum
619 2142 797 2223 delinquere
812 2153 963 2224 quantum

160 2241 348 2301 Permittas:
369 2240 447 2301 adeo
461 2239 625 2320 indulgent
639 2239 697 2299 sibi
711 2240 803 2302 latius
815 2241 883 2322 ipsi.

163 2337 268 2410 Quum
282 2338 358 2398 dicis
374 2337 483 2417 juveni
498 2338 628 2398 stultum
642 2336 695 2416 qui
709 2336 806 2398 donet
820 2339 928 2414 amico,
1119 2357 1167 2406 235

163 2434 225 2506 Qui
239 2442 453 2515 paupertatem
468 2435 551 2494 levet
565 2433 749 2514 attollatque
763 2435 935 2517 propinqui,

161 2531 204 2592 Et
218 2531 348 2612 spoliare
362 2532 456 2592 doces
469 2539 502 2591 et
515 2530 763 2592 circumscribere
777 2542 809 2592 et
823 2535 908 2594 omni

162 2629 296 2691 Crimine
310 2628 435 2688 divitias
450 2627 615 2708 acquirere,
630 2649 760 2709 quarum
774 2649 861 2691 amor
873 2631 905 2690 in
920 2640 952 2693 te

162 2725 306 2797 Quantus
321 2733 387 2785 erat
400 2725 519 2805 patriae
533 2724 702 2787 Deciorum
715 2726 747 2786 in
762 2737 896 2808 pectore,
910 2738 1060 2809 quantum

160 2820 280 2881 Dilexit
294 2820 425 2895 Thebas,
440 2821 466 2881 si
480 2821 610 2883 Graecia
623 2843 705 2898 vera,
719 2823 915 2900 Menoeceus,
1119 2843 1167 2890 240

160 2916 199 2976 In
213 2935 343 2997 quorum
358 2918 450 2978 sulcis
465 2918 602 2999 legiones
616 2920 762 2982 dentibus
777 2923 885 3002 anguis

162 3014 241 3075 Cum
255 3013 361 3093 clipeis
375 3005 544 3075 nascuntur
558 3025 591 3077 et
603 3017 729 3077 horrida
742 3018 823 3078 bella
837 3028 1001 3099 capessunt

161 3110 327 3196 Continuo,
341 3118 490 3191 tanquam
505 3121 537 3172 et
551 3113 677 3174 tubicen
692 3115 859 3176 surrexerit
873 3135 933 3176 una
944 3137 999 3177 :-
1077 3160 1081 3164 -

160 3207 245 3287 Ergo
258 3207 363 3288 ignem
377 3208 464 3288 cujus
479 3208 628 3270 scintillas
642 3210 707 3290 ipse
722 3210 835 3272 dedisti

160 3303 362 3386 Flagrantem
375 3305 438 3366 late
453 3314 486 3366 et
499 3305 672 3386 rapientem
686 3315 798 3368 cuncta
812 3308 939 3370 videbis.
1120 3322 1169 3371 245

160 3399 229 3461 Nec
242 3401 301 3462 tibi
314 3412 460 3483 parcetur
473 3402 594 3476 misero,
609 3403 826 3484 trepidumque
840 3391 1033 3488 magistrum

160 3494 198 3556 In
213 3516 308 3558 cavea
322 3518 435 3578 magno
449 3497 573 3558 fremitu
587 3499 636 3559 leo
650 3499 741 3560 tollet
757 3502 907 3564 alumnus.

161 3591 248 3655 Nota
261 3594 485 3655 mathematicis
499 3595 619 3674 genesis
634 3606 703 3655 tua:
725 3599 778 3657 sed
792 3619 887 3679 grave
901 3599 1007 3661 tardas
