2622 4168
543 371 679 420 surum
700 373 752 418 xr.
1104 351 1146 416 59

143 537 296 597 Omnibus
310 537 342 596 in
359 537 456 616 Libya
470 538 511 598 sit
526 539 690 611 montibus,
704 537 755 597 1110
769 545 874 598 tamen
887 537 971 598 idem
1016 613 1020 620 Ι
1116 547 1147 594 25

142 633 271 713 Ignoret
285 644 435 713 quantum
449 634 562 693 ferrata
576 635 671 694 distet
685 635 724 694 ab
739 653 808 694 arca

144 731 300 791 Sacculus.
330 730 357 790 Ε
373 731 457 791 00010
473 731 633 792 descendit
647 732 729 810 γνῶθι
744 726 869 804 σεαυτόν,

143 827 321 906 Figendum
335 837 367 887 et
382 827 511 888 memori
525 828 721 888 tractandum
735 836 869 907 pectore,
882 826 947 886 sive

144 923 333 1002 conjugium
348 942 476 1002 quaeras
490 925 540 983 vel
555 924 633 984 sacri
647 924 678 983 in
693 933 781 1004 parte
797 923 929 984 Senatus

143 1018 220 1078 Esse
235 1020 321 1092 velis,
340 1022 411 1098 (nec
425 1021 506 1079 enirn
521 1021 652 1080 loricam·
661 1021 761 1100 poscit
774 1019 906 1081 Achillis

143 1116 311 1188 Thersites,
325 1117 357 1176 in
372 1137 432 1195 qua
446 1137 478 1176 10
493 1118 676 1177 traducebat
690 1117 801 1178 Ulixes

141 1212 323 1293 Ancipitem
332 1215 354 1292 3)
371 1232 425 1273 seu
440 1223 474 1273 tu
488 1233 602 1294 magno
617 1214 791 1274 discrimine
806 1233 929 1274 causam

142 1309 314 1388 Protegere
330 1310 461 1384 affectas,
476 1319 508 1370 te
523 1311 657 1383 consule,
673 1310 722 1370 dic
736 1311 794 1370 tibi
808 1311 875 1390 quis
890 1309 939 1384 sis,

146 1405 260 1466 Orator
273 1407 439 1466 vehemens
454 1427 492 1466 au
508 1407 635 1468 Curtius
650 1417 682 1467 et
699 1407 809 1468 Matho
823 1408 947 1466 buccae.

144 1502 314 1563 Noscenda
329 1513 375 1563 est
389 1524 532 1564 mensura
545 1504 592 1564 sui
607 1505 835 1584 spectandaque
849 1504 941 1564 rebus

145 1599 183 1659 In
198 1601 325 1660 summis
339 1599 554 1679 minirnisque3
576 1601 671 1660 etiam
685 1621 779 1680 quum
793 1601 885 1680 piscis
902 1610 1029 1675 emetur,

145 1697 196 1756 Ne
210 1697 338 1756 mullum
356 1697 460 1775 cupias
475 1717 569 1776 quum
584 1697 624 1757 sit
640 1697 696 1756 tibi
709 1697 802 1776 gobio
818 1680 941 1757 tantum

144 1793 181 1854 In
195 1794 312 1855 loculis.
354 1794 431 1866 Quis
446 1793 528 1854 enim
541 1803 574 1853 te
589 1793 751 1854 deficiente
767 1812 912 1854 crumena

144 1891 189 1951 Et
203 1901 357 1951 crescente
371 1892 445 1971 gula
458 1898 564 1951 manet
578 1891 688 1964 exitus,
703 1910 772 1950 aere
786 1898 915 1970 paterno

145 1989 195 2049 Ac
209 1989 299 2048 rebus
314 1988 421 2050 mersis
435 1988 467 2048 in
481 1998 631 2062 ventrem,
646 1987 759 2047 fenou's
775 1996 868 2067 atque

145 2085 280 2166 Argenti
294 2086 396 2166 gravis
412 2094 444 2146 et
457 2105 604 2165 pecorum
619 2104 822 2164 agrorumque
838 2083 1004 2162 capacem?

146 2182 276 2244 Talibus
288 2203 306 2242 a
320 2183 453 2243 dominis
467 2192 538 2264 post
553 2191 665 2242 cuncta
678 2182 864 2242 novissimus
878 2179 942 2241 exit

147 2280 301 2354 Annulus,
316 2289 348 2339 et
363 2280 462 2359 digito
477 2279 633 2340 mendicat
648 2279 749 2339 Pollio
763 2279 858 2340 nudo.

146 2377 220 2437 Non
234 2378 423 2456 praematuri
437 2377 553 2438 cineres
568 2398 625 2438 nec
639 2377 730 2438 funus
744 2378 888 2438 acerbum

146 2473 309 2548 Luxuriae,
324 2476 378 2534 sed
392 2486 493 2536 morte
507 2476 605 2555 magis
619 2475 787 2536 metuenda
802 2482 952 2536 senectus.

146 2571 190 2630 Hi
204 2573 384 2652 plerumque
398 2573 531 2653 gradus:
553 2574 707 2634 conducta
720 2572 851 2652 pecunia
865 2571 983 2630 Romae

146 2667 191 2728 Et
205 2667 308 2728 coram
323 2669 456 2730 dominis
471 2671 679 2745 consumitur3
700 2669 773 2728 inde
788 2669 839 2728 ubi
853 2668 991 2747 paullum

147 2764 263 2826 Nescio
278 2767 352 2846 quid
367 2776 506 2846 superest
520 2776 552 2826 01
565 2767 661 2846 pallet
675 2765 788 2826 fenoris
803 2774 917 2837 auctor,

148 2860 211 2933 Qui
226 2873 346 2922 vertere
361 2865 460 2924 solum
475 2864 567 2924 Baias
583 2874 614 2923 et
629 2863 668 2923 ad
684 2862 773 2924 Ostia
787 2871 931 2922 currunt:

147 2958 266 3019 Cedere
282 2980 414 3039 namque
428 2962 494 3021 foro
503 2962 571 3040 jam
585 2981 646 3020 non
662 2969 709 3020 est
724 2960 859 3021 deterius
874 2977 966 3039 quarn

147 3054 301 3135 Esquilias
316 3077 334 3117 a
347 3059 479 3128 ferventi
493 3059 625 3138 migrare
641 3057 785 3118 Saburra.

147 3151 206 3212 Ille
222 3153 310 3213 dolor
325 3157 407 3215 solus
420 3155 553 3235 patriam
567 3154 765 3234 fugientibus,
779 3154 833 3214 illa

146 3248 308 3310 Moestitia
321 3260 377 3326 est,
392 3253 524 3312 carnisse
539 3271 620 3312 anno
635 3251 829 3312 Circensibus
844 3270 917 3310 uno.

148 3345 314 3426 Sanguinis
327 3348 359 3408 in
374 3348 451 3409 facie
466 3369 528 3409 non
543 3348 650 3407 haeret
663 3356 772 3426 gutta:
794 3355 954 3407 morantur

147 3442 244 3502 Pauci
259 3445 423 3504 ridiculum
437 3445 607 3524 fugientem
622 3463 660 3502 ex
676 3442 763 3504 Urbe
778 3443 944 3502 Pudorern.

139 3615 143 3620 Ι
188 3539 355 3620 Experiere
370 3541 463 3604 hodie
477 3540 626 3620 numquid
641 3540 844 3619 pulcherrima
859 3539 953 3612 dictu,
