2646 4170
505 408 540 454 D.
558 405 661 456 JUNII
683 405 887 458 JUVENALIS

544 1221 708 1294 SATIRA
734 1223 824 1286 XVI.

269 1435 342 1496 UIS
358 1453 518 1495 numerare
534 1443 628 1514 queat
642 1435 738 1494 felicis
752 1437 896 1515 praemia,
911 1436 1009 1512 Galla

295 1530 450 1591 Militiae?
491 1530 585 1603 Quod
600 1531 625 1591 si
641 1531 811 1592 subeuntur
824 1553 969 1613 prospera
984 1543 1091 1608 castra,

184 1631 236 1690 Me
251 1629 399 1710 pavidum
414 1627 547 1707 excipiat
561 1626 694 1688 tironem
707 1637 797 1707 porta
811 1631 946 1690 secundo

185 1728 302 1788 Sidere.
342 1725 419 1784 Plus
433 1723 549 1784 etenim
563 1724 620 1785 fati
634 1725 718 1785 valet
733 1727 808 1785 hora
822 1727 956 1806 benigni,

185 1824 287 1896 Quam
302 1822 327 1883 si
341 1842 397 1882 nos
411 1821 543 1882 Veneris
559 1823 755 1883 commendet
771 1823 901 1902 epistola
915 1824 1010 1884 Marti
1171 1839 1185 1882 5

184 1921 227 1982 Et
242 1920 346 1981 Samia
359 1918 494 1999 genitrix
509 1937 587 1998 quae
603 1918 778 1980 delectatur
793 1938 892 1980 arena.
919 1993 921 1998 ι

226 2015 398 2080 Commoda
412 2023 578 2075 tractemus
594 2015 727 2095 primum
742 2017 926 2092 communia,
937 2037 1065 2097 quorum
1174 2071 1177 2076 .

184 2115 279 2187 Haud
294 2113 456 2174 minimum
470 2111 547 2171 illud
563 2112 630 2186 erit,
645 2132 685 2172 ne
698 2122 731 2173 te
745 2116 866 2193 pulsare
880 2123 1005 2194 togatus

184 2213 330 2286 Audeat3
351 2210 445 2270 immo
461 2209 519 2270 etsi
534 2210 682 2289 pulsetur,
699 2209 869 2270 dissimulet
882 2231 942 2277 nec

184 2311 312 2372 Audeat
326 2328 469 2369 excussos
484 2307 626 2367 Praetori
642 2308 803 2368 ostendere
819 2307 936 2383 dentes,
1156 2324 1186 2370 10

138 2412 140 2416 ’
184 2409 228 2469 Et
241 2408 362 2488 nigram
375 2407 408 2467 in
422 2406 499 2467 facie
514 2405 641 2466 tumidis
655 2405 801 2466 livoribus
816 2405 916 2481 offam,

184 2508 291 2588 Atque
307 2509 429 2569 oculum
443 2505 563 2566 medico
578 2503 622 2563 nil
637 2503 835 2583 promittente
851 2503 999 2564 relietum.

111 2619 118 2632 ·
185 2605 354 2665 Bardaicus
364 2605 463 2684 judex
478 2603 569 2662 datur
584 2603 660 2662 haec
674 2600 782 2679 punire
797 2600 915 2660 volenti

187 2705 314 2766 Calceus
330 2715 361 2764 et
375 2703 509 2783 grandes
523 2720 637 2782 magna
652 2698 691 2758 ad
707 2697 849 2757 subsellia
863 2716 960 2771 surae,
996 2767 999 2772 ,

185 2801 320 2882 Legibus
335 2800 468 2880 antiquis
484 2809 652 2859 castrorum
669 2806 701 2857 et
715 2813 799 2854 more
816 2793 938 2854 Camilli
1159 2810 1189 2853 15

187 2897 325 2970 Servate,
339 2897 427 2956 miles
442 2915 481 2955 ne
495 2897 611 2955 vallum
627 2894 730 2974 litiget
745 2901 833 2952 extra

187 2995 230 3054 Et
243 2994 350 3075 procul
365 3013 383 3053 a
397 2993 500 3072 signis.
543 2991 565 3054 J
567 2993 721 3054 ustissima
737 2988 962 3052 Centurionum
989 3047 991 3052 .

188 3091 333 3172 Cognitio
348 3097 394 3150 est
408 3089 503 3170 igitur
515 3089 554 3148 de
569 3089 685 3164 milite3
707 3108 764 3148 neo
779 3087 854 3148 milri
870 3086 969 3146 deerit

187 3189 277 3250 Ultio
292 3187 318 3247 si
327 3187 431 3267 justae
447 3185 584 3245 defertur
599 3205 690 3246 causa
705 3186 855 3265 querelae.

187 3284 269 3345 Tota
283 3285 392 3344 cohors
405 3291 510 3343 tamen
527 3291 574 3343 est
587 3282 719 3355 inimica,
736 3303 902 3364 omnesque
918 3280 1046 3362 manipli
1161 3297 1193 3342 20

188 3382 348 3443 Consensu
362 3401 475 3459 magno
491 3379 626 3439 efficiunt
642 3378 784 3439 curabilis
799 3389 835 3439 ut
850 3379 892 3439 sit

187 3477 338 3538 Vindicta
353 3477 475 3557 gravior
490 3495 582 3555 quam
597 3474 716 3554 injuria.
757 3475 897 3556 Dignum
913 3476 971 3537 erit
985 3495 1059 3557 ergo
1091 3529 1093 3536 .

188 3572 412 3648 Declamatoris
428 3572 544 3630 mulino
559 3571 651 3632 corde
665 3570 799 3651 Vagelli‚
