2622 4168
149 395 190 460 38
457 413 493 460 n.
517 414 620 462 Junrr
642 413 850 464 anvarnus

145 578 293 658 Agnosco
307 598 473 659 procerem.
515 580 617 656 Salve,
632 581 802 655 Gaetulice,
816 599 870 640 seu
883 589 920 641 tu

146 675 277 750 Silanus,
293 696 475 756 quocunque
490 677 550 738 alio
565 678 604 737 de
618 678 776 758 sanguine,
790 695 876 738 rarus

146 773 232 834 Civis
246 780 278 833 et
292 773 433 852 egregius
446 773 565 853 patriae
587 774 740 854 contingis
755 773 870 836 ovanti.

145 869 328 930 Exclamare
343 869 419 930 libet
432 871 565 950 populus
580 872 664 952 quod
678 873 793 932 clamat
808 870 889 932 Osiri

146 968 290 1029 Invento.
332 965 409 1039 Quis
424 967 506 1027 enim
520 987 704 1048 generosum
719 968 833 1029 dixerit
850 970 932 1030 hunc
946 968 999 1050 qui
1119 985 1150 1034 30

146 1065 297 1146 Indignus
311 1083 424 1146 genere
439 1073 471 1124 et
484 1066 641 1144 praeclaro
656 1065 780 1126 nomine
795 1073 919 1127 tantum

146 1163 304 1244 Insignis?
345 1161 472 1223 Nanum
487 1161 646 1242 cujusdam
660 1162 793 1224 Atlanta
807 1182 963 1238 vocamus,

144 1261 335 1341 Aethiopem
349 1280 493 1341 cygnum,
508 1278 636 1339 pravam
650 1268 866 1340 extortamque
880 1261 1017 1341 puellam
1106 1305 1108 1310 ,

146 1359 290 1440 Europen
302 1378 310 1434 ;
331 1358 458 1419 canibus
471 1357 568 1437 pigris
582 1357 743 1437 scabicque
758 1365 884 1418 vetusta

146 1455 281 1516 Levibus
295 1464 326 1516 et
341 1456 438 1516 siccae
452 1455 659 1516 lambentibus
673 1474 726 1516 ora
739 1456 882 1516 lucernae
1119 1471 1150 1517 35

145 1553 269 1614 Nomen
285 1552 344 1612 erit
357 1550 480 1632 pardus,
494 1551 591 1631 tigris,
606 1553 664 1627 leo,
679 1552 793 1640 siquid
809 1553 909 1614 adhuc
923 1562 970 1614 est

147 1645 240 1718 Quod
254 1647 364 1707 fremat
378 1645 410 1706 in
424 1646 513 1707 terris
527 1647 702 1708 violentius.
743 1647 828 1729 Ergo
843 1646 972 1723 cavebis,

146 1743 190 1803 Et
203 1752 323 1803 metues
337 1762 376 1804 ne
390 1751 425 1804 tu
440 1743 480 1804 sis
496 1742 636 1805 Creticus
651 1753 705 1805 aut
720 1744 910 1806 Camerinus.

187 1839 246 1900 His
260 1860 317 1920 ego
333 1860 425 1919 quem
439 1840 570 1900 monui?
590 1849 694 1918 tecum
709 1849 756 1902 est
769 1842 846 1902 mihi
860 1861 968 1916 sermo,
984 1841 1108 1904 Rubelli

146 1936 268 1997 Plaute.
308 1936 424 1996 Tumes
438 1937 502 1997 alto
515 1936 688 2022 Drusorum
702 1947 882 2010 stemmate,
891 1948 1039 2020 tanquam
1119 1957 1150 2002 40

147 2033 270 2093 Feceris
283 2033 349 2113 ipse
364 2032 480 2112 aliquid
493 2043 621 2114 propter
635 2035 718 2116 quod
733 2037 844 2097 nobilis
859 2057 949 2112 esses,

147 2130 196 2192 Ut
210 2140 241 2191 te
256 2129 431 2210 conciperet
445 2150 524 2210 quae
538 2133 687 2212 sanguine
701 2134 801 2214 fulget
814 2134 884 2210 Iuli,

147 2227 221 2288 Non
237 2248 314 2307 quae
329 2239 459 2290 ventoso
473 2230 627 2292 conducta
641 2231 698 2291 sub
713 2250 825 2311 aggere
839 2232 929 2292 texit.

148 2323 240 2384 “Vos
253 2325 411 2400 humiles,‘’
427 2326 536 2406 inquis,
550 2327 664 2406 “vulgi
678 2346 748 2406 pars
763 2328 874 2388 ultima
888 2328 995 2401 nostri,

148 2419 288 2492 Quorum
301 2418 394 2483 nemo
408 2433 502 2502 queat
515 2423 645 2502 patriam
663 2433 834 2485 monstrare
848 2425 1003 2504 parentis:

146 2517 209 2578 Ast
223 2538 281 2598 ego
296 2518 497 2599 Cecropides!
508 2519 525 2549 ’'
566 2520 664 2580 Vivas
678 2530 711 2581 et
725 2522 852 2602 originis
865 2522 957 2602 hujus
1047 2571 1050 2576 .

146 2613 269 2674 Gaudia
281 2617 376 2696 longa
387 2617 485 2677 feras:
505 2625 611 2678 tamen
624 2617 687 2676 ima
700 2618 790 2697 plebe
805 2619 960 2690 Quiritem

146 2710 330 2772 Facundum
344 2713 502 2789 invenies3
523 2714 602 2775 solet
614 2714 665 2775 hic
679 2714 845 2775 defendere
860 2734 966 2778 causas

146 2807 270 2869 Nobilis
283 2808 422 2886 indocti3
442 2811 547 2872 veniet
562 2811 601 2872 de
615 2811 705 2891 plebe
720 2821 830 2892 togata

148 2904 210 2976 Qui
219 2905 298 2984 juris
312 2907 411 2968 nodos
426 2916 458 2968 et
471 2908 575 2988 legum
590 2908 766 2988 aenigmata
779 2910 888 2970 solvat.

146 3001 208 3062 Hic
221 3002 302 3082 petit
316 3002 498 3083 Euphraten
507 3005 633 3088 juvenis
646 3005 819 3086 domitique
833 3005 946 3068 Batavi

147 3098 301 3160 Custodes
316 3101 441 3182 aquilas,
456 3102 549 3162 annis
562 3102 751 3163 industrius:
773 3113 805 3164 at
819 3113 855 3164 tu

146 3195 201 3256 Nil
216 3196 274 3258 nisi
289 3198 475 3280 Cecropides
488 3208 660 3280 truncoque
675 3201 847 3262 simillimus
861 3199 1006 3262 Hermae.

146 3291 243 3378 Npllo
257 3295 370 3376 quippe
384 3297 444 3357 alio
458 3296 556 3358 vincis
571 3297 745 3358 discrimine
760 3317 852 3378 quam
867 3299 950 3379 quod

145 3389 198 3450 Illi
211 3411 416 3453 marmoreum
430 3401 523 3473 caput
538 3401 593 3468 est,
609 3402 664 3454 tua
677 3394 756 3455 vivit
770 3395 881 3476 imago.

28 3493 33 3500 '
146 3486 207 3548 Dic
220 3488 305 3563 mihi,
319 3488 508 3551 Teucrorum
520 3491 631 3570 proles,
646 3491 790 3551 animalia
803 3502 891 3554 muta

76 3651 77 3656 η
147 3582 225 3656 Quis
239 3605 388 3664 generosa
401 3595 491 3666 putet
504 3586 564 3646 nisi
577 3587 691 3648 fortia?
712 3608 824 3668 nempe
838 3590 997 3652 volucrem
