2622 4168
191 372 234 438 54
441 438 444 443 ,
496 394 533 442 n.
548 396 651 444 Jonrr
672 358 878 446 anvnnxnis

190 555 323 619 Distulit
336 567 429 640 atque
444 580 514 621 suos
522 560 590 640 jam
604 563 714 623 dextra
728 571 890 644 computat
904 583 1001 626 annos

190 653 313 734 Quique
328 676 444 716 novum
458 658 550 718 toties
564 669 701 719 mustum
713 659 803 720 bibit.
844 660 907 721 Oro
922 681 1086 745 parumper
1146 679 1195 728 250
1301 671 1302 744 j

190 751 357 828 Attendas,
371 763 525 833 quantum
538 755 577 814 de
591 756 712 835 legibus
728 757 794 836 ipse
809 769 956 837 queratur

190 847 340 908 Fatorum
355 858 387 909 et
401 849 497 910 nimio
511 851 550 910 de
565 853 704 928 stamine,
720 874 816 933 quum
830 854 917 916 videt
932 857 1010 920 acris

189 946 351 1007 Antilochi
364 948 492 1008 barbam
509 949 685 1024 ardentem;
707 970 802 1030 quum
817 953 990 1031 quaeritab
1004 955 1095 1030 omni,

191 1041 337 1122 Quisquis
351 1044 439 1105 adest
453 1046 561 1120 socius,
576 1066 631 1106 our
643 1046 719 1107 haec
733 1046 765 1107 in
779 1057 920 1129 tempora
933 1052 1034 1127 duret,

190 1139 284 1212 Quod
298 1140 414 1201 facinus
429 1143 558 1222 dignum
572 1151 637 1203 tam
650 1143 745 1224 longo
760 1147 919 1208 admiserit
934 1168 1019 1210 aevo.
1146 1163 1193 1209 255
1301 1157 1302 1168 ¹

189 1237 278 1296 Haeo
293 1238 401 1297 eadem
415 1239 536 1314 Peleus,
552 1248 674 1319 raptum
689 1263 784 1321 quum
798 1243 885 1325 luget
899 1245 1063 1318 Achillem,

188 1333 295 1413 Atque
310 1335 395 1408 alius,
410 1336 459 1395 cni
472 1337 518 1396 fas
532 1337 675 1398 Ithacum
690 1341 795 1421 lugere
810 1351 980 1403 natantem.

188 1429 342 1491 Incolumi
361 1432 455 1512 Troja
470 1433 611 1496 Priamus
625 1438 760 1499 venisset
774 1439 814 1498 ad
829 1441 952 1500 umbras
1006 1454 1008 1459 ·

188 1528 332 1588 Assaraci
346 1529 466 1609 magnis
481 1532 677 1609 solemnibus,
691 1535 828 1596 Hectore
841 1537 933 1606 funus

188 1624 340 1686 Portenta
355 1646 391 1686 ac
404 1628 529 1708 reliquis
543 1631 672 1691 fratrum
686 1633 855 1693 cervicibus
869 1634 952 1694 inter

188 1720 323 1784 Iliadum
337 1724 486 1800 lacrimas,
502 1736 538 1786 ut
550 1727 665 1806 primos
679 1730 770 1789 edere
784 1731 930 1810 planctus

133 1869 140 1882 .
189 1821 363 1883 Cassandra
376 1822 527 1902 inciperet
540 1824 692 1905 scissaque
707 1825 868 1906 Polyxena
881 1828 973 1907 palla,

189 1919 223 1981 Si
236 1918 317 1980 foret
332 1920 502 1980 exstinctus
517 1919 638 1981 diverso
652 1931 800 2001 tempore,
815 1944 876 2004 qno
890 1944 953 1984 non
1015 1932 1020 1940 “
1042 1929 1046 1938 “

188 2017 342 2097 Coeperat
357 2017 489 2077 audaces
503 2016 591 2077 Paris
609 2019 769 2079 aedificare
788 2021 913 2081 carinas.

186 2114 296 2195 Longa
310 2115 376 2174 dies
390 2114 485 2194 igitur·
500 2115 742 2194 quidsenserit?
763 2118 866 2177 omnia
880 2118 960 2178 vidit

186 2211 304 2290 Evcrsa
318 2223 350 2272 et
365 2213 496 2273 flammis
511 2213 617 2272 Asiam
632 2213 770 2293 ferroque
785 2215 956 2275 cadentem.
1016 2229 1018 2233 '
1058 2268 1061 2274 .

186 2310 277 2372 Tunc
291 2311 379 2371 miles
394 2311 543 2370 tremulus
556 2310 658 2390 posita
672 2311 745 2370 tulit
759 2331 844 2370 arma
858 2311 937 2371 tiara

142 2488 143 2491 Ἴ
186 2407 230 2468 Et
244 2409 306 2470 ruit
320 2419 392 2470 ante
406 2429 490 2468 aram
502 2407 615 2468 'summi
627 2408 649 2469 J
650 2408 725 2482 ovis,
741 2417 776 2468 ut
791 2410 913 2469 vetulus
927 2410 991 2482 bos,

187 2505 250 2579 Qui
264 2505 382 2566 domini
396 2506 503 2567 cultris
517 2515 611 2565 tenne
627 2513 658 2564 et
672 2505 844 2566 miserabile
859 2507 974 2566 collum

186 2602 320 2664 Praebet
335 2604 374 2663 ab
388 2603 511 2682 ingrato
521 2602 587 2681 jam
601 2601 757 2662 fastiditus
772 2612 882 2662 aratro.

185 2701 298 2761 Exitus
312 2700 364 2760 ille
379 2710 536 2779 utcunque
550 2699 683 2760 hominis
692 2719 701 2773 ;
722 2699 776 2758 sed
791 2707 880 2758 torva
895 2698 1006 2760 canino

186 2795 327 2857 Latravit
340 2797 420 2855 rictu
436 2817 512 2875 quae
527 2797 694 2875 posthunc
708 2796 830 2855 vixerat
843 2815 929 2870 uxor.

186 2894 315 2954 Festino
329 2893 369 2952 ad
383 2903 503 2952 nostros
514 2902 549 2952 et
565 2912 669 2972 regem
683 2903 807 2956 transeo
822 2892 917 2961 Ponti

186 2989 229 3048 Et
245 2989 401 3072 Croesum,
413 3008 504 3067 quem
518 3008 579 3049 vox
588 2991 666 3069 justi
680 2990 813 3051 facunda
828 2988 950 3050 Solonis

186 3087 351 3165 Respicere
366 3085 405 3144 ad
420 3087 529 3165 longae
540 3087 633 3165 jussit
647 3089 746 3166 spatia
760 3089 870 3148 ultima
883 3089 976 3148 vitae.

187 3184 340 3244 Exsilium
354 3191 386 3242 et
400 3202 503 3242 carcer
516 3183 806 3264 Minturnarumque
820 3186 950 3266 paludes

186 3279 229 3340 Et
243 3280 435 3340 mendicatus
449 3279 532 3340 victa
547 3281 734 3359 Carthagine
748 3282 836 3360 panis

186 3375 270 3436 Hinc
285 3395 390 3436 causas
404 3377 547 3436 habuere.
568 3369 571 3378 ¹
588 3375 672 3448 Quid
686 3377 740 3437 illo
754 3377 820 3437 cive
835 3379 957 3439 tulisset

186 3472 308 3533 Natura
322 3473 353 3532 in
368 3473 466 3547 terris,
482 3473 556 3552 qnid
570 3473 672 3532 Roma
685 3472 806 3533 beatius
821 3495 963 3554 unquam,

187 3569 221 3630 Si
235 3569 444 3631 circumducto
459 3569 651 3648 captivorum
666 3569 787 3649 agmine
802 3580 834 3631 et
848 3571 933 3630 omni
