2622 4168
87 427 89 430 ,
160 355 201 420 66
464 375 500 421 n.
524 375 627 422 uuum
648 375 856 424 Juvnuanrs

158 536 201 598 Et
215 538 357 599 miserere
372 540 503 616 iterum3
524 561 699 621 quanquam
714 541 775 602 sint
791 550 892 600 cetera
907 539 997 602 sortis
1128 558 1160 605 25

158 633 327 714 Ejusdem3
347 656 417 715 pars
432 639 498 698 dira
513 639 638 718 quidem
652 638 707 698 sed
722 637 847 716 cognita
860 637 975 712 multis,

157 730 200 791 Et
215 752 306 811 quam
321 733 426 793 votiva
439 737 678 795 testanturt'ana
692 734 807 794 tabella

156 826 304 887 Plurima.
321 827 326 835 '
345 827 484 894 Pictones
499 829 566 908 quis
580 829 679 888 nescit
694 829 732 889 ab
746 828 829 888 Iside
842 819 950 909 pasci?

156 922 282 983 Accidit
296 935 328 984 et
342 934 448 985 nostro
462 913 568 985 similis
582 926 706 985 fortuna
720 926 853 986 Catulio

157 1020 261 1092 Quum
276 1020 384 1099 plenus
397 1019 492 1081 fluctu
507 1021 627 1081 medius
641 1022 721 1081 foret
735 1023 841 1084 alveus
855 1032 888 1085 et
903 1023 970 1104 jam
1128 1041 1160 1088 30

117 1193 123 1204 .
155 1118 321 1178 Alternum
335 1120 447 1199 puppis
460 1120 541 1180 latus
557 1121 768 1183 evertentibus
782 1122 874 1184 undis

156 1215 285 1276 Arboris
299 1215 434 1276 incertae
448 1217 564 1277 nullam
579 1218 744 1296 prudentia
759 1219 828 1280 caui

155 1311 299 1374 Rectoris
313 1312 465 1373 conferret
481 1333 579 1392 opem,
595 1316 735 1376 decidere
751 1317 840 1397 jactu

156 1410 268 1490 Coepit
283 1430 354 1469 curn
367 1410 477 1484 ventis,
492 1410 630 1472 imitatus
645 1423 772 1488 castora,
787 1415 839 1495 qui
854 1435 886 1476 se

156 1506 342 1567 Eunuchum
354 1506 419 1588 ipse
434 1507 507 1567 facit
522 1508 648 1588 cupiens
663 1511 793 1572 evadere
808 1511 921 1572 damno
1127 1527 1159 1574 35

156 1603 322 1678 Testiculi3
343 1605 420 1665 adeo
435 1605 623 1666 medicatum
637 1607 783 1688 intelligit
796 1608 920 1688 inguen.

155 1701 317 1763 “Fundite
333 1721 411 1781 quae
426 1722 495 1762 mea
510 1703 607 1778 sunt,”
623 1704 754 1778 dicebat,
768 1711 785 1742 ‘⁴
796 1704 932 1779 cuncta?
949 1705 1098 1781 Catullus,

155 1798 363 1878 Praecipitare
379 1801 486 1860 volens
501 1801 595 1860 etiam
608 1801 821 1881 pulcherrima,
835 1811 956 1863 vestem
974 1791 977 1796 Δ

155 1896 346 1977 Purpuream
361 1897 474 1958 teneris
489 1917 611 1978 quoque
625 1898 858 1960 Maecenatibus
873 1909 985 1978 aptam,

154 1995 260 2074 Atque
275 1994 350 2055 alias
364 2013 493 2073 quarum
508 1995 649 2074 generosi
662 1995 808 2075 graminis
822 1995 922 2074 ipsum
1099 2039 1101 2044 .
1126 2010 1159 2056 40

155 2092 266 2154 Infecit
280 2101 390 2152 natura
404 2111 506 2171 pecus,
522 2091 576 2152 sed
591 2101 623 2152 et
637 2092 778 2172 egregius
791 2092 860 2154 fons

154 2189 282 2252 Viribus
297 2190 426 2252 occultis
440 2198 473 2250 et
487 2189 632 2250 Baeticus
647 2189 775 2268 adjuvat
789 2208 849 2250 aer.

154 2285 212 2348 Ille
227 2306 284 2348 nec
299 2296 461 2366 argentum
476 2286 640 2346 dubitabat
653 2285 784 2360 mittere,
799 2287 902 2347 lances

154 2383 322 2446 Parthenio
337 2384 441 2458 factas,
457 2403 552 2442 urnae
566 2391 686 2442 cratera
698 2402 842 2462 capacem

154 2480 197 2541 Et
212 2481 342 2561 dignum
355 2481 479 2542 sitiente
495 2480 596 2539 Pholo
611 2480 662 2539 vel
676 2479 807 2560 conjuge
822 2479 934 2554 Fusci3
1126 2494 1159 2539 45

154 2578 249 2639 Adde
262 2587 295 2640 et
308 2578 477 2640 bascaudas
492 2586 524 2638 et
535 2576 622 2644 ‚mille
637 2575 757 2650 ascalia,
771 2577 904 2636 multum

156 2675 275 2736 Ouelati
288 2675 409 2736 biberat
423 2696 485 2756 quo
500 2675 629 2736 callidus
644 2681 767 2752 emptor
780 2673 919 2752 Olynthi.

156 2771 219 2832 Sed
234 2773 301 2852 quis
314 2792 397 2834 nuno
412 2772 489 2834 alius
503 2792 563 2852 qua
577 2771 686 2832 muudi
700 2778 797 2850 parte,
812 2769 879 2848 quis
894 2768 988 2830 audet

155 2869 297 2948 Argento
312 2869 462 2947 praeferre
478 2877 571 2948 caput
586 2868 737 2947 rebusque
753 2866 906 2926 salutem?

135 2961 137 2968 '
155 2965 229 3026 Non
243 2975 369 3045 propter
382 2965 481 3025 vitam
494 2965 610 3026 faciunt
624 2963 810 3045 patrimonia
824 2961 958 3041 quidam,
1128 2977 1161 3023 50

157 3062 219 3123 Sed
233 3061 311 3122 vitio
325 3061 407 3120 caeci
420 3071 550 3141 propter¹
559 3060 744 3141 patrimonia
758 3059 878 3120 vivunt.

154 3159 177 3220 J
178 3167 299 3218 actatur
312 3177 415 3217 rerum
428 3158 551 3218 utilium
565 3177 634 3236 pars
649 3157 799 3232 maxima;
820 3155 874 3216 sed
889 3174 946 3216 nec

156 3255 279 3315 Damna
293 3253 406 3314 levant.
446 3254 536 3314 Tunc
550 3253 685 3313 adversis
700 3253 879 3332 urgentibus
893 3253 967 3312 illuc

156 3350 283 3411 Decidit
297 3359 333 3410 ut
346 3352 461 3411 malum
474 3349 554 3410 ferro
569 3350 791 3423 summitteret3
812 3351 870 3411 hac
884 3370 917 3410 re

157 3447 302 3526 Explicat
317 3455 499 3525 angustum3
520 3446 702 3506 discriminis
717 3447 825 3506 ultima
839 3445 964 3526 quando
1130 3460 1164 3507 55

132 3554 134 3560 ·
156 3543 316 3605 Praesidia
329 3543 482 3604 afferimus
495 3561 607 3604 navem
620 3542 739 3604 factura
751 3542 911 3604 minorem.
