2622 4168
501 411 638 460 aarum
659 413 741 463 VIII.

92 650 96 659 Ι
116 577 168 640 Sic
181 578 344 640 laudamus
358 597 471 660 equum
485 579 566 640 facili
580 579 630 640 cui
643 579 776 659 piurima
789 580 891 660 palma

115 676 231 737 Fervet
246 685 279 736 et
294 677 427 738 exsultat
442 697 535 738 rauco
549 676 679 737 victoria
695 676 794 737 Circo.

115 771 239 833 Nobilis
252 773 312 848 hic,
328 793 511 853 quoeunque
526 773 613 834 veuit
628 773 667 833 de
682 773 828 852 gramine,
843 759 930 854 cujus
1091 788 1121 833 oo

116 869 208 930 Clara
221 869 295 949 fuga
310 878 382 930 ante
397 869 472 930 alios
487 879 519 931 et
533 869 651 949 primus
664 869 697 930 in
712 888 844 949 aequore
858 871 979 952 pulvis:

117 965 181 1025 Sed
195 967 305 1025 venale
320 985 414 1045 pecus
429 966 584 1044 Corythae
599 965 764 1045 posteritas
778 976 811 1029 et

116 1061 242 1141 Hirpini
256 1061 281 1122 si
295 1081 363 1121 rara
372 1049 452 1142 jugo
466 1062 609 1123 Victoria
623 1063 712 1123 sedit.

116 1158 173 1218 Nil
186 1157 230 1218 ibi
243 1157 395 1236 majorum
409 1168 576 1237 respectus,
590 1160 692 1238 gratia
706 1161 791 1221 uuila

117 1255 327 1318 Umbrarum:
349 1256 490 1316 dominos
505 1257 613 1335 pretiis
627 1267 747 1319 mutare
756 1260 908 1339 jubentur
1092 1271 1124 1318 65

117 1353 256 1434 lisignis,
270 1352 345 1412 trito
360 1353 480 1413 ducunt
494 1354 630 1432 epiredia
645 1356 724 1416 collo

118 1450 311 1532 segnipedes
326 1449 473 1530 dignique
489 1451 602 1511 molam
617 1472 738 1512 versare
752 1453 895 1533 Nepotis.

116 1548 203 1629 Ergo
218 1558 254 1609 ut
267 1547 414 1608 miremur
427 1559 460 1608 te
474 1568 537 1630 non
551 1558 615 1624 tua,
628 1549 761 1630 primurn
776 1551 891 1632 aliquid
906 1552 946 1612 da

119 1645 213 1719 Quod
227 1645 342 1725 possim
357 1645 456 1706 titulis
472 1645 615 1720 incidere,
630 1656 752 1726 praeter
765 1649 897 1709 honores
1008 1669 1009 1673 ’

119 1742 206 1816 Quos
220 1742 280 1803 illis
295 1742 404 1803 damus
418 1753 451 1804 et
466 1743 608 1804 dedimus
622 1744 733 1823 quibua
747 1745 850 1805 omnia
871 1745 973 1805 debes.
1096 1759 1126 1805 70

160 1840 248 1901 Haec
262 1840 336 1901 satis
352 1841 391 1900 ad
401 1840 550 1920 juvenem
565 1860 656 1920 quem
672 1841 760 1901 nobis
773 1842 855 1901 fama
869 1842 1035 1920 superbum

120 1937 231 1998 Tradit
245 1947 278 1999 et
292 1937 435 1998 inflatum
449 1938 635 2017 plenumque
650 1937 776 1997 Nerone
791 1937 982 2018 propinquo:

119 2035 221 2096 Rarus
236 2035 319 2096 enim
332 2035 427 2095 ferme
443 2054 550 2094 sensus
565 2034 734 2095 communis
749 2035 780 2093 in
795 2035 848 2094 illa

120 2133 269 2194 Fortuna.
312 2131 375 2192 Sed
389 2141 421 2192 te
437 2131 554 2192 censeri
567 2132 659 2191 laude
673 2140 806 2206 tuorum,

120 2229 262 2304 Pontice,
275 2228 434 2289 noluerim
443 2228 487 2289 sic
502 2236 537 2287 ut
550 2229 627 2288 nihil
641 2229 706 2308 ipse
720 2229 842 2289 futurae
1095 2247 1126 2292 75

10 2373 11 2378 1
120 2325 237 2387 Laudis
247 2346 334 2408 agas.
376 2325 525 2410 Miserum
542 2335 588 2386 est
603 2326 733 2385 aliorum
746 2326 923 2388 incumbere
937 2326 1047 2402 famae,

121 2423 172 2484 Ne
187 2424 323 2503 collapsa
338 2432 430 2482 ruant
445 2421 605 2483 subductis
619 2431 703 2482 tecta
717 2423 877 2484 columnis.

123 2520 245 2581 Stratus
260 2519 347 2580 humi
361 2519 479 2599 palmes
494 2512 604 2578 viduas
619 2518 775 2578 desiderat
790 2519 898 2579 ulmos.

122 2618 201 2678 Esto
215 2617 314 2678 bonus
329 2617 426 2689 milae,
440 2625 527 2677 tutor
540 2616 650 2690 bonus,
665 2615 778 2674 arbiter
792 2614 874 2675 idem

123 2714 263 2795 Integer3
284 2714 445 2794 ambiguae
460 2713 486 2774 si
501 2713 626 2793 quando
643 2711 776 2772 citabere
791 2711 881 2772 testis
949 2791 954 2799 Ι
1097 2727 1128 2774 80

122 2811 325 2891 Incertaeque
340 2812 392 2885 rei,
407 2809 548 2871 Phalaris
563 2809 637 2869 licet
651 2807 782 2887 imperet
796 2817 832 2868 ut
847 2807 889 2869 sia

123 2908 234 2969 Falsus
250 2918 282 2970 et
297 2909 423 2969 admoto
438 2907 537 2968 dictet
551 2905 685 2986 perjuria
699 2914 798 2979 tauro,

124 3007 287 3067 Summum
302 3007 391 3067 crede
405 3005 490 3065 nefas
505 3005 638 3064 animam
653 3002 805 3082 praeferre
819 3001 931 3081 pudori

123 3102 168 3163 Et
182 3111 308 3183 propter
322 3102 418 3162 vitam
433 3101 562 3161 vivendi
576 3101 705 3180 perdere
721 3118 839 3161 causae.

124 3200 248 3278 Dignus
263 3207 362 3258 morte
377 3197 466 3278 perit,
481 3207 591 3264 coenet
604 3199 678 3258 licet
693 3206 796 3258 ostrea
810 3205 936 3258 centum
1099 3210 1130 3256 85

124 3297 269 3356 Gaurana
283 3301 315 3354 et
331 3293 435 3356 Cosmi
449 3301 517 3354 toto
532 3302 690 3374 mergatur
704 3313 791 3360 aeno,

166 3391 356 3471 Exspectata
370 3390 423 3450 diu
437 3389 564 3451 tandem
577 3391 736 3469 provincia
749 3409 846 3470 quum
859 3398 891 3450 te

125 3487 294 3548 Rectorem
309 3486 448 3567 accipiet,
463 3505 544 3566 pone
557 3485 621 3547 irae
636 3487 740 3546 fraena
753 3486 951 3567 modumque,

125 3585 216 3646 Pone
231 3594 263 3646 et
277 3584 434 3660 avaritiae,
448 3583 594 3644 miserere
608 3582 737 3664 inopum
751 3583 925 3660 sociorum3
