2622 4168
130 369 187 452 '72
441 405 477 452 1).
501 405 605 453 anun
626 404 832 453 Juvuuaurs

144 570 240 630 Plura
255 568 339 631 domi
351 571 439 651 fraga
452 580 484 633 et
498 571 629 651 majores
643 570 765 650 glandis
781 589 917 632 acervos.

145 666 225 726 Tam
238 668 413 727 venerabile
427 677 493 729 erat
507 667 691 747 praecedere
711 675 843 746 quatuor
857 667 953 744 annis,
1030 739 1034 746 Ι

146 763 311 843 Primaque
324 785 380 845 par
395 765 473 826 adeo
487 784 588 826 sacrae
602 766 717 844 lanugo
733 764 892 826 senectae!

145 860 240 921 Nunc
254 861 280 920 si
294 861 468 940 depositum
482 882 544 922 non
559 861 711 922 infitietur
725 862 849 936 amicus,

147 957 181 1018 Si
195 957 305 1016 reddat
319 965 456 1018 veterem
471 977 542 1018 cum
555 965 624 1018 tota
638 957 784 1038 aerugine
798 959 911 1035 follem,

147 1054 330 1134 Prodigiosa
344 1054 420 1115 fides
436 1064 468 1115 et
483 1053 592 1115 Tuscis
607 1054 703 1134 digna
717 1055 836 1134 libellis,

147 1150 295 1231 Quaeque
309 1161 456 1212 coronata
476 1151 601 1212 lustrari
616 1152 728 1212 debeat
743 1172 831 1232 agna.

147 1248 317 1329 Egregium
332 1249 532 1327 sanctumque
549 1247 649 1308 virum
666 1249 694 1310 si
707 1269 808 1324 cerno,
821 1249 983 1311 bimembri

148 1346 217 1406 Hoc
231 1354 403 1405 monstrum
417 1364 513 1424 puero
529 1354 583 1405 aut
598 1345 724 1407 miranti
745 1348 802 1407 sub
817 1356 918 1408 aratro

147 1441 288 1502 Piscibus
301 1440 437 1502 inventis
452 1450 484 1501 et
498 1441 579 1502 fetae
595 1462 738 1522 comparo
753 1444 864 1518 mulae,

150 1537 305 1599 Sollicitus
319 1547 466 1618 tanquam
485 1538 603 1618 lapides
618 1539 760 1601 effuderit
773 1539 873 1600 imber

148 1636 350 1716 Examenque
366 1635 470 1716 apium
484 1637 578 1716 longa
594 1635 767 1696 consederit
781 1655 842 1698 uva

150 1734 291 1796 culmine
307 1734 435 1808 delubri,
450 1743 598 1813 tanquam
612 1733 644 1792 in
658 1753 742 1793 mare
755 1733 880 1795 fluxerit
894 1735 992 1796 amnis

149 1831 330 1912 Gurgitibus
345 1831 429 1891 miris
444 1839 476 1892 ct
491 1830 580 1891 lactis
595 1830 711 1891 vertice
726 1840 856 1892 torrens.
896 1903 906 1923 ,

189 1927 367 2007 Intercepta
381 1927 488 1988 decern
503 1926 638 2006 quereris
652 1927 794 2014 sestertia
806 1927 914 1988 fraude

151 2023 330 2104 Sacrilega?
371 2022 455 2095 Quid
471 2022 557 2084 cibis
572 2031 696 2084 centum
711 2024 847 2103 perdidit
862 2024 941 2086 alter

149 2122 221 2183 Hoc
235 2141 345 2182 aroana
358 2120 475 2182 modo?
495 2121 642 2200 majorem
657 2121 766 2181 tertius
780 2121 833 2182 illa
898 2195 899 2200 η

151 2219 320 2293 Summam,
335 2238 426 2299 quam
441 2219 565 2299 patulae
580 2217 632 2278 vix
647 2229 771 2298 ceperat
785 2221 916 2299 angulus
930 2221 1040 2281 arcae?

150 2317 231 2376 Tam
244 2316 333 2378 facile
348 2325 379 2377 et
394 2336 526 2396 pronum
540 2323 588 2376 est
603 2334 729 2394 superos
744 2325 941 2378 contemnere
956 2325 1060 2390 testes,
1122 2332 1153 2378 rt

152 2414 186 2476 si
200 2414 338 2474 mortalis
353 2413 436 2473 idem
450 2433 542 2474 nemo
556 2412 651 2473 sciat!
692 2411 808 2492 Aspice
823 2422 940 2493 quanta
983 2465 987 2470 .

150 2510 239 2571 Voce
253 2519 356 2591 neget,
371 2530 450 2592 quae
464 2509 505 2572 sit
518 2509 583 2570 ficti
598 2510 772 2570 constantia
785 2511 899 2571 vultus.

151 2608 215 2668 Per
229 2608 308 2669 Solis
322 2609 425 2669 radios
439 2606 631 2686 Tarpeiaque
646 2606 775 2666 fulmina
790 2607 878 2686 jurat

79 2748 83 2754 -
151 2705 196 2766 Et
208 2705 319 2766 Martis
333 2705 479 2766 frameam
494 2713 526 2764 et
541 2703 680 2766 Cirrhaei
695 2703 812 2782 spicula
825 2704 915 2779 vatis,

152 2803 216 2864 Per
229 2804 362 2863 calamos
376 2801 539 2863 venatricis
553 2789 791 2881 pharetramque
805 2801 935 2880 puellae,

153 2899 274 2979 Perque
289 2908 386 2972 tuum,
400 2907 490 2978 pater
502 2897 622 2977 Aegaei
635 2897 793 2976 Neptune,
809 2897 996 2973 tridentem3
1100 2893 1108 2908 ‘

153 2996 255 3056 Addit
269 3005 300 3057 et
315 2995 485 3056 Herculeos
500 3015 587 3056 arcus
609 2996 791 3077 hastamque
807 2993 976 3070 Minervae,

155 3093 314 3173 Quidquid
329 3093 444 3153 habent
458 3083 844 3154 telorum'annamentaria
858 3091 943 3152 caeli.

156 3191 190 3251 Si
204 3210 277 3250 vero
292 3200 323 3252 et
337 3198 426 3270 pater
440 3197 495 3264 est,
517 3195 535 3226 ‘⁴
547 3189 742 3261 Comedam‚”
756 3189 865 3270 inquit,
887 3196 906 3226 “
915 3189 1017 3251 flebile
1031 3190 1098 3251 nati

157 3287 299 3367 Sinciput
312 3286 384 3346 elixi
399 3285 574 3364 Pharioque
589 3285 745 3347 madentis
760 3285 874 3347 aceto?
1126 3300 1158 3348 85

197 3384 278 3445 Sunt
291 3384 323 3444 in
338 3382 495 3444 Fortunae
509 3380 562 3461 qui
576 3380 696 3442 casibus
710 3382 814 3442 omnia
827 3393 949 3462 ponunt

156 3479 199 3541 Et
212 3482 298 3542 nullo
312 3479 443 3541 credunt
457 3478 608 3538 mundum
622 3487 741 3539 rectore
755 3479 883 3554 moveri,

156 3577 278 3640 Natura
291 3576 437 3638 volvente
452 3574 534 3636 vices
548 3582 581 3636 et
594 3574 672 3636 lucis
687 3583 719 3635 et
733 3575 816 3651 anni,
