2646 4170
159 407 201 472 84
478 427 631 476 11111111
653 429 860 478 ruvuuams

159 590 269 663 “Quid
283 602 375 654 nocet
389 591 512 653 haec?”
525 593 635 673 inquit.
675 593 853 657 “Tunicam
871 597 947 658 mibi
966 599 1048 660 malo
1065 600 1163 680 lupini

160 686 263 760 Quam
277 689 303 748 si
316 709 366 749 me
380 698 448 750 toto
462 690 569 751 laudet
583 690 695 751 vicinia
709 711 790 772 pago

158 784 273 864 Exigui
287 785 366 846 ruris
379 785 562 866 paucissima
575 786 655 846 farra
669 790 853 850 secantem.''
1116 807 1163 854 155

160 881 286 942 Scilicet
301 892 333 943 et
346 883 460 943 morbis
475 892 507 942 et
521 883 680 944 debilitate
695 887 811 948 carebis

157 979 201 1038 Et
214 979 333 1039 luctum
347 989 379 1040 et
393 965 647 1061 ouram'effirgies,
662 991 694 1043 et
707 992 848 1063 tempora
862 985 944 1054 vitae

158 1075 266 1154 Longa
281 1076 337 1136 tibi
350 1085 421 1155 post
434 1076 512 1136 baec
525 1076 590 1137 fato
604 1079 730 1139 meliore
746 1080 911 1157 dabuntur,

159 1173 193 1234 Si
207 1182 330 1232 tantum
345 1174 421 1233 culti
435 1174 518 1233 solus
532 1176 704 1255 possederis
719 1178 783 1258 agri

159 1270 318 1342 Quantum
333 1270 389 1329 sub
404 1268 496 1332 Tatio
510 1272 641 1351 populus
655 1273 814 1336 Romanus
829 1276 943 1337 arabat.
1116 1291 1163 1339 160

157 1367 234 1427 Mox
250 1367 343 1427 etiam
357 1366 460 1427 fractis
475 1378 578 1429 aetate
592 1389 628 1431 ac
642 1371 761 1432 Punica
774 1374 871 1454 passis

157 1463 281 1523 Proelia
295 1465 346 1523 vel
361 1463 515 1543 Pyrrhum
531 1466 697 1528 immanem
710 1470 889 1550 gladiosque
904 1470 1055 1534 Molossos

119 1555 121 1560 ’
158 1560 300 1620 Tandem
313 1581 369 1640 pro
384 1563 489 1622 multis
504 1563 557 1623 vix
573 1565 684 1644 jugera
697 1565 770 1625 bina
783 1568 937 1628 dabantur

157 1657 356 1718 Vulneribus.
396 1658 518 1720 Merces
531 1661 607 1720 haec
621 1662 778 1741 sanguinis
792 1673 884 1743 atque
898 1665 1010 1726 laboris

157 1756 261 1817 Nullis
275 1756 340 1816 visa
355 1776 490 1836 unquam
504 1757 621 1818 meritis
636 1759 736 1818 minor
749 1768 802 1819 aut
814 1760 954 1839 ingratae
1014 1775 1017 1780 '
1116 1776 1163 1823 165

103 1875 107 1882 ’
159 1855 256 1916 Curta
269 1854 347 1915 fides
360 1854 487 1934 patriae.
530 1853 695 1915 Saturabat
709 1856 833 1935 glebula
847 1858 918 1918 talis

158 1952 284 2012 Patrem
299 1952 399 2032 ipsum
410 1952 591 2031 turbamque
606 1971 703 2025 casae,
718 1972 778 2031 qua
791 1953 854 2013 feta
869 1953 995 2033 jacebat

158 2049 256 2124 Uxor,
271 2058 304 2110 et
318 2049 449 2110 infantes
463 2049 612 2110 ludebant
627 2060 768 2130 quatuor,
784 2071 862 2112 unus

157 2147 305 2221 Vernula,
321 2157 384 2207 tres
398 2146 535 2221 domini;
556 2147 610 2207 sed
625 2147 745 2226 magnis
759 2147 904 2208 iratribus
918 2148 1026 2210 horum

158 2244 188 2303 A
203 2246 309 2304 scrobe
324 2245 373 2305 vel
388 2245 473 2304 sulco
486 2244 687 2304 redeuntibus
701 2245 797 2304 altera
812 2263 907 2305 coena
1117 2259 1164 2306 170
1213 2262 1216 2268 ·

156 2341 301 2420 Amplior
316 2350 348 2401 et
361 2340 493 2421 grandes
507 2340 667 2400 fumabant
681 2340 818 2419 pultibus
832 2341 919 2402 ollae.

157 2438 251 2498 Nunc
267 2438 376 2498 modus
390 2439 439 2498 bic
454 2437 520 2516 agri
534 2445 639 2498 nostro
653 2457 716 2496 non
730 2437 841 2498 suffieit
854 2439 954 2498 horto.

157 2533 235 2595 Inde
250 2536 312 2596 fere
327 2537 474 2596 scelerum
490 2553 617 2608 causae;
636 2553 694 2593 nec
707 2533 796 2613 plura
809 2553 930 2594 venena

157 2631 284 2693 Miscuit
298 2642 352 2692 aut
366 2632 445 2692 ferro
459 2641 616 2712 grassatur
631 2631 751 2710 saepius
766 2630 862 2689 ullum

158 2729 320 2789 Humanae
336 2729 447 2790 mentis
462 2729 572 2790 vitium
588 2748 680 2807 quam
695 2746 786 2787 saeva
801 2727 914 2807 cupido
1114 2744 1162 2790 115

157 2824 319 2885 Immodici
334 2844 459 2899 census3
479 2845 552 2884 nam
566 2825 653 2884 dives
668 2823 719 2903 qui
734 2823 799 2882 fieri
813 2823 890 2897 vult,

157 2921 201 2980 Et
214 2922 276 2980 cito
290 2922 358 2981 vult
371 2920 446 2980 fieri.
489 2921 550 2981 Sed
565 2940 643 3001 quae
658 2919 831 2981 reverentia
844 2919 959 2999 legum,

158 3018 236 3091 Quis
251 3027 351 3077 metus
366 3027 419 3076 aut
432 3018 533 3096 pudor
547 3027 593 3078 est
607 3037 742 3097 unquam
758 3017 950 3096 properantis
964 3015 1073 3077 avari?

158 3123 176 3152 “
186 3115 294 3176 Viuite
309 3113 447 3174 contenti
461 3115 571 3174 casulis
585 3123 617 3174 et
632 3111 760 3175 collibus
774 3113 850 3188 istis,

157 3211 185 3271 Ο
200 3210 312 3292 pueri,”
326 3211 447 3271 Marsus
461 3210 584 3269 dicebat
597 3219 629 3269 et
644 3209 797 3270 Hernicus
812 3210 886 3270 ollm
1111 3213 1159 3260 18⁰

156 3308 366 3387 Vestinusque
380 3326 494 3382 senex3
514 3312 651 3385 “panem
665 3326 847 3386 quaeramus
862 3313 963 3367 aratro

113 3469 115 3476 ‚
158 3403 220 3476 Qui
234 3405 308 3465 satis
323 3413 369 3464 est
383 3403 512 3463 mensis:
534 3403 664 3462 laudant
677 3403 736 3463 hoo
748 3393 876 3463 numina
890 3405 968 3466 ruris
998 3440 1000 3444 ·

158 3499 297 3572 Quorum
312 3519 369 3579 ope
385 3508 417 3559 et
431 3498 545 3559 auxilio
558 3507 665 3578 gratae
679 3509 750 3578 post
762 3521 874 3561 munus
889 3501 1001 3560 aristae
1021 3489 1025 3496 ’

159 3595 354 3676 Contingunt
367 3595 485 3656 bomini
498 3594 612 3656 veteris
628 3593 750 3655 fastidia
763 3616 900 3676 quercus.

1314 3261 1316 3336 l
