2622 4168
147 364 189 429 36
451 381 485 428 n.
509 381 613 429 sunu
634 379 841 429 Juvenams

147 547 299 627 Discipuli
314 556 416 608 custos
429 545 625 626 praemordet
639 547 860 608 Aooenonetus

132 653 135 656 '
147 643 189 705 Et
204 645 256 723 qui
271 643 427 724 dispensat
441 643 556 723 frangit
570 642 636 703 sibi.
680 642 773 716 Cede,
788 640 968 715 Palaemon,

147 741 189 802 Et
202 750 308 822 patere
322 740 395 800 inde
410 739 525 819 aliquid
540 739 724 813 decrescere,
740 758 802 812 non
818 738 906 798 aliter
920 759 1013 820 quam
1102 753 1149 800 220

78 835 82 842 ’
146 838 277 898 Institor
289 822 435 897 hibernae
449 835 562 916 tegetis
577 836 720 914 niveique
737 835 869 911 cadurci,

146 935 325 996 Dummodo
339 932 401 994 non
414 941 521 1013 percat
535 932 655 992 mediae
670 933 753 1011 quod
767 936 868 996 noctis
883 937 921 996 ab
935 936 1010 996 hora

149 1032 264 1095 Sedisti
278 1051 338 1111 qua
351 1047 445 1092 nemo·
456 1030 549 1104 faber,
566 1049 627 1108 qua
641 1049 733 1092 uerno
748 1033 870 1094 sederet

148 1130 211 1204 Qui
225 1130 317 1190 docet
331 1128 455 1207 obliquo
467 1127 570 1186 lanam
587 1126 739 1188 deducere
753 1129 833 1190 ferro
842 1150 865 1206 ;=

147 1225 326 1289 Dummodo
340 1244 402 1284 non
417 1232 523 1303 pereat
538 1223 671 1284 totidem
688 1226 825 1287 olfecisse
840 1228 979 1288 lucernas
1100 1238 1148 1284 225

149 1325 235 1398 Quot
249 1307 373 1383 stabant
386 1319 481 1399 pueri,
497 1339 593 1398 quum
607 1330 693 1382 totus
709 1323 832 1383 decolor
846 1332 927 1384 esset

148 1422 278 1482 Flaccus
293 1428 325 1478 et
338 1419 479 1477 haereret
494 1417 583 1496 nigro
599 1418 696 1498 fuligo
710 1419 842 1480 Maroni.

148 1517 233 1578 Rara
246 1525 350 1576 tamen
364 1533 482 1574 merces
498 1533 576 1593 quae
593 1514 768 1594 cognitione
782 1516 898 1576 tribuni

149 1614 223 1675 Non
238 1621 337 1694 egeat.
378 1610 441 1672 Sed
456 1630 511 1671 vot
525 1629 633 1671 saevas
646 1611 796 1692 imponite
809 1613 903 1692 leges,

148 1711 198 1772 Ut
211 1708 402 1791 praeceptori
417 1707 581 1769 verborum
595 1709 700 1788 regula
714 1719 844 1784 constet,
1103 1721 1151 1769 220

149 1808 198 1869 Ut
211 1810 296 1888 legat
309 1805 462 1878 historias,
479 1815 619 1865 auctores
633 1806 754 1866 noverit
769 1826 884 1881 omnes,

149 1905 311 1984 Tanquam
325 1921 445 1982 ungues
459 1901 632 1981 digitosque
647 1923 717 1962 suos
725 1922 733 1977 ;
754 1901 882 1964 ut'forte
896 1912 1031 1984 rogatus,

150 2001 235 2061 Dum
250 1999 328 2080 petit
343 2009 397 2060 aut
411 1999 547 2058 thermas
562 2008 616 2058 aut
631 1998 751 2059 Phoebi
765 2001 883 2076 balnea,
899 2002 982 2062 dicat
1036 2061 1038 2067 ,

150 2097 312 2158 Nutricem
326 2096 490 2171 Anchisae,
507 2115 620 2156 nomen
634 2097 825 2175 patriamque
842 2117 992 2158 novercae

149 2193 340 2267 Archemori,
355 2193 438 2253 dicat
453 2201 529 2274 quot
546 2192 676 2252 Acestes
691 2192 804 2252 vixerit
818 2213 922 2269 annos,
1104 2207 1152 2254 230

150 2289 236 2363 Quot
251 2291 372 2351 Siculus
387 2289 563 2369 Phrygibus
580 2287 644 2348 vini
661 2288 823 2349 donaverit
836 2309 938 2351 urnas.

150 2389 275 2468 Exigite
290 2397 326 2449 ut
339 2405 439 2448 mores
454 2397 576 2448 teneros
593 2406 649 2447 ceu
666 2387 776 2466 pollice
792 2386 894 2462 ducat,

150 2485 199 2547 Ut
213 2486 238 2546 si
252 2485 320 2566 quis
334 2504 403 2545 cera
419 2485 539 2544 vultum
554 2483 646 2558 facit3
671 2483 786 2562 exigite
802 2491 837 2543 ut
852 2483 893 2544 sit

112 2646 120 2664 ,
149 2583 192 2644 Et
206 2592 295 2662 pater
308 2583 402 2663 ipsius
416 2593 531 2656 coetus,
545 2602 584 2643 ne
599 2581 701 2661 turpia
715 2580 833 2654 ludant,

150 2680 201 2741 Ne
214 2681 328 2740 faciant
342 2681 469 2742 vicibus.
512 2688 529 2718 “
540 2679 614 2740 Non
629 2688 676 2739 cst
692 2679 761 2737 leve
777 2686 826 2738 tot
840 2697 1004 2758 puerorum
1105 2690 1154 2738 240

151 2781 321 2841 Observare
335 2801 445 2840 manus
459 2781 622 2860 oculosque
637 2781 668 2838 in
683 2778 745 2837 fine
761 2773 954 2835 trementes.”

151 2886 168 2916 “
177 2876 290 2953 Haec‚”
305 2877 414 2957 inquit,
428 2882 542 2953 “cures
557 2885 589 2936 et
603 2894 698 2955 quum
713 2893 745 2934 se
760 2871 889 2933 verterit
904 2890 1002 2931 annus

150 2975 268 3054 Accipe
282 2972 394 3036 victori
407 2973 539 3054 populus
553 2971 636 3054 quod
649 2971 790 3056 postulat
806 2967 941 3030 aurum.”
