2622 4168
559 434 695 484 SATIRA
717 439 752 487 V.

155 591 298 669 Oultello,
313 595 411 659 donec
424 609 552 680 peragat
566 601 683 664 dictata
696 607 836 686 magistri

154 687 277 750 Omnia.
318 692 351 751 N
352 713 388 755 eo
402 697 530 757 minimo
544 718 616 758 sane
631 700 807 767 discrimine
821 710 923 789 refert,

33 789 40 800 “
154 785 224 858 Quo
239 797 329 868 gestu
345 791 464 870 lepores
478 802 510 853 et
525 815 585 874 quo
599 797 715 876 gallina
729 813 858 869 secetur.

152 885 283 946 Duceris
298 886 404 964 planta
418 890 505 950 velut
518 891 598 952 ictus
613 895 652 955 ab
667 896 803 963 Hercule
818 907 926 986 (lacus,
1109 931 1155 976 125

151 983 194 1044 Et
208 1003 322 1064 ponere
335 983 417 1059 foris,
433 986 458 1046 si
473 987 547 1066 quid
563 999 764 1073 temptaveris
779 1023 915 1085 unquam

152 1083 289 1156 Hiscere,
302 1091 450 1163 tauquam
464 1085 577 1148 habeas
592 1092 653 1152 tria
667 1098 800 1160 nomina.
842 1103 977 1176 Quando
990 1110 1135 1190 propinat

150 1183 245 1244 Virro
258 1181 317 1242 tibi
332 1183 486 1263 sumitque
502 1187 563 1248 tuis
579 1202 723 1256 contacta
736 1198 855 1262 labellis

150 1281 292 1352 Pocula?
311 1281 379 1363 quis
394 1295 532 1344 vestrum
547 1292 728 1355 temerarius
741 1317 838 1378 usque
853 1300 939 1376 adeo,
955 1302 1022 1382 quis

149 1379 304 1454 Perditus,
319 1388 354 1439 ut
368 1379 452 1441 dicat
466 1384 541 1464 regi,
555 1387 651 1448 bibe?
691 1391 831 1456 Plurima
846 1407 918 1458 sunt
932 1420 1010 1479 quae
1108 1416 1153 1461 130

148 1478 181 1537 N
183 1499 222 1538 on
238 1478 353 1541 audent
367 1481 507 1543 homines
522 1495 647 1564 pertusa
662 1488 763 1552 dicere
777 1493 875 1555 laena.

149 1574 384 1656 Quadringenta
398 1579 456 1639 tibi
471 1581 577 1661 siquis
592 1583 668 1646 deus
684 1597 737 1648 aut
752 1589 858 1652 similis
873 1592 920 1654 dis

148 1677 191 1736 Et
204 1677 313 1736 melior
325 1675 396 1735 fatis
411 1677 541 1739 donaret
556 1681 731 1758 homuncio,
745 1697 880 1765 quantus
901 1763 905 1768 Ι

147 1773 196 1832 Ex
211 1774 307 1833 nihilo
320 1774 418 1848 fieres,
435 1786 568 1855 quantus
584 1778 726 1842 Virronis
741 1784 873 1845 amicus!

147 1871 225 1930 “Da
239 1870 367 1932 Trebio!
388 1893 470 1952 pone
486 1876 524 1934 ad
541 1875 707 1939 Trebium!
750 1882 817 1957 Vis,
828 1883 931 1961 frater,
947 1885 1065 1948 abistis
1105 1904 1152 1949 135

146 1967 244 2030 Ilibus
253 1969 268 2028 l
278 1967 295 2021 i'
337 1968 365 2027 0
380 1971 508 2046 nummi,
524 1974 612 2034 vobis
626 1975 709 2037 huno
722 1990 860 2057 praestat
874 1982 1032 2060 honorem,

145 2066 213 2128 Vos
228 2067 300 2128 estis
314 2068 431 2129 fratres
473 2069 626 2132 Dominus
640 2082 743 2134 tamen
759 2085 791 2136 et
805 2078 922 2140 domini
937 2101 991 2141 rex

146 2164 180 2225 Si
195 2165 240 2225 vis
255 2166 378 2240 tutiori,
394 2167 497 2227 nullus
512 2168 568 2227 tibi
583 2172 729 2248 parvulus
744 2175 814 2234 aula

145 2262 267 2324 Luserit
282 2265 413 2339 Acneas,
430 2284 487 2325 neo
502 2265 565 2326 filia
579 2267 698 2328 dulcior
711 2269 781 2331 illo:

143 2361 165 2423 J
167 2362 324 2422 ucundum
340 2373 372 2423 et
386 2381 490 2422 carum
506 2364 617 2424 sterilis
631 2365 705 2426 facit
720 2389 797 2429 uxor
810 2371 950 2433 amicum.
1103 2390 1149 2436 140

145 2461 207 2522 Sed
222 2470 277 2522 tua
291 2481 373 2521 nunc
388 2460 503 2540 Migale
518 2463 618 2541 pariat
632 2463 705 2526 licet
719 2475 751 2527 et
764 2487 875 2546 pueros
889 2478 951 2531 tres

143 2559 182 2620 In
195 2560 346 2640 gremium
362 2560 459 2640 patris
472 2559 583 2620 fundat
597 2560 696 2636 simul,
710 2563 775 2642 ipse
790 2566 910 2645 loquaci

143 2657 301 2719 Gaudebit
316 2659 409 2735 nid03
432 2657 561 2718 viridem
576 2659 702 2720 thoraca
714 2660 839 2740 jubebit

142 2757 257 2816 Afferri
272 2757 474 2836 minimasque
490 2775 584 2816 nuces
599 2775 758 2836 assemque
773 2768 925 2838 rogatum,

142 2856 197 2916 Ad
211 2877 347 2918 mensam
364 2854 484 2936 quoties
498 2854 649 2934 parasitus
664 2855 783 2915 venerit
797 2856 904 2918 infans.
1099 2876 1146 2920 145

143 2953 267 3014 Vilibus
282 2955 430 3035 aucipites
445 2953 532 3033 fungi
546 2961 701 3032 ponentur
715 2953 829 3027 amicis,

143 3049 272 3112 Boletus
287 3053 431 3128 domin03
455 3052 508 3113 sed
525 3051 630 3132 quales
646 3050 794 3110 Claudius
808 3051 873 3112 edit

142 3148 228 3208 Ante
242 3149 329 3208 illum
345 3149 447 3210 uxoris
462 3159 533 3229 post
548 3168 640 3228 quem
655 3148 698 3207 nil
714 3148 844 3227 amplius
859 3149 932 3210 edit.

142 3246 236 3308 Virro
252 3247 308 3307 sibi
324 3255 355 3306 et
369 3247 494 3326 reliquis
509 3246 695 3307 Virronibus
710 3246 762 3306 illa
774 3245 898 3325 jubebit

143 3343 242 3403 Poma
256 3342 323 3402 dari
337 3363 467 3423 quorum
482 3345 548 3404 solo
562 3343 696 3424 pascaris
710 3344 825 3404 odore:
1100 3360 1144 3405 150

143 3438 255 3511 Qualia
267 3449 434 3519 perpetuus
449 3439 625 3500 Phaeacum
640 3451 806 3501 autumnus
819 3439 962 3514 habebat,

143 3535 276 3597 Credere
291 3556 369 3616 quae
383 3537 480 3616 possis
495 3548 635 3618 surrepta
650 3539 805 3599 sororibus
818 3536 922 3597 Afiis:

141 3633 192 3694 Tu
206 3633 307 3695 scabie
321 3633 428 3695 fiueris
442 3632 524 3707 mali,
539 3635 624 3714 quod
637 3633 669 3694 in
680 3653 793 3715 aggere
807 3633 899 3707 rodit,
928 3669 930 3673 ·
