2622 4168
545 359 681 408 SATIRA
705 361 758 408 XI.

164 525 209 585 Et
223 526 357 587 casulam
371 535 403 586 et
416 535 508 587 notos
521 527 618 588 tn'stis
632 528 787 589 desiderat
801 529 926 606 haedos,

164 621 298 702 Ingenui
312 623 417 682 vultus
430 643 507 702 puer
519 623 707 703 ingenuique
723 626 856 704 pudoris,

165 719 281 791 Quales
295 739 361 778 esse
376 719 466 780 decet
480 703 556 798 quos
571 721 680 779 ardens
695 741 830 800 purpura
844 725 957 788 vestit:
1119 745 1166 792 155

163 816 196 876 N
198 835 232 876 ec
246 817 412 896 pugillares
427 817 525 876 defert
539 817 571 875 in
585 817 695 877 balnea
709 838 819 880 raucus

164 913 346 986 Testiculos,
361 933 418 973 nec
433 913 589 972 vellendas
597 913 666 993 jam
679 917 821 995 praebuit
836 924 907 999 alas,

164 1013 274 1073 Orassa
288 1030 345 1070 nec
359 1011 646 1090 oppositopavidus
661 1014 740 1094 tegit
754 1018 883 1098 inguina
895 1033 996 1104 gutte.

163 1110 224 1171 Hic
239 1109 295 1169 tibi
310 1109 384 1170 vina
398 1107 484 1167 dabit
500 1107 611 1168 diffusa
625 1110 656 1169 in
673 1116 829 1178 montibus
844 1119 903 1182 illis

162 1210 193 1268 A
209 1210 319 1290 quibus
332 1209 397 1288 ipse
412 1209 506 1298 venit,
521 1229 651 1288 quorum
666 1214 723 1274 sub
737 1211 852 1277 vertice
866 1218 957 1280 lusit:
1120 1233 1166 1279 155

162 1309 306 1388 Namque
322 1328 382 1369 una
396 1318 489 1387 atque
503 1309 612 1370 eadem
627 1320 674 1372 est
689 1313 753 1374 vini
765 1315 866 1394 patria
880 1324 971 1395 atque
985 1315 1126 1378 ministri.

162 1407 306 1467 Forsitan
321 1416 481 1487 exspectes
495 1416 531 1468 ut
546 1409 701 1470 Gaditana
714 1429 825 1472 canoro

162 1505 296 1584 Incipiat
310 1506 427 1586 prurire
441 1507 535 1566 choro
549 1509 718 1588 plausuque
733 1509 879 1588 probatae

59 1641 65 1649 -
161 1604 216 1662 Ad
231 1613 346 1663 terram
359 1606 491 1664 tremulo
506 1605 696 1666 descendant
711 1601 800 1666 clune
814 1608 952 1686 puellae:

165 1701 330 1780 (Spectant
344 1702 402 1762 hoc
416 1712 531 1781 nuptae
540 1703 633 1781 juxta
645 1703 813 1768 recubante
828 1705 938 1764 marito
1118 1719 1164 1764 165

93 1785 94 1788 ยน
163 1796 255 1868 Quod
271 1797 386 1876 pudeat
400 1817 537 1858 narrasse
553 1797 686 1877 aliquem
699 1800 910 1877 praesentibus
925 1798 1011 1879 ipsis)

162 1891 395 1952 Irritamentum
410 1891 542 1952 Veneris
557 1893 731 1972 languentis
744 1902 777 1953 et
791 1914 875 1954 acres

163 1988 279 2049 Divitis
295 1989 419 2050 urticae.
461 1988 562 2068 Major
576 1997 680 2048 tamen
694 1989 754 2050 ista
768 1991 911 2069 voluptas

161 2087 301 2146 Alterius
315 2105 423 2146 sexus:
445 2087 543 2165 magis
557 2086 610 2145 ille
625 2087 811 2160 extenditur,
827 2097 858 2147 et
872 2107 945 2147 mox

161 2183 298 2243 Auribus
314 2193 406 2263 atque
420 2182 516 2243 oculis
531 2191 680 2261 concepta
695 2183 781 2242 urina
796 2194 946 2244 movetur.
1118 2199 1164 2245 170

161 2281 195 2340 N
196 2302 236 2341 on
247 2281 333 2361 capit
347 2280 403 2342 has
416 2300 515 2360 nugas
530 2279 654 2340 humilis
669 2280 794 2340 domus:
819 2281 924 2341 audiat
940 2281 991 2342 ille

162 2379 326 2439 Testarum
341 2379 475 2459 crepitus
490 2398 559 2438 oum
574 2377 676 2438 verbis
689 2379 807 2436 nudum
822 2373 905 2437 olido
920 2387 1005 2438 stans
1032 2428 1038 2439 .

161 2476 293 2536 Fornice
308 2477 495 2556 mancipium
510 2475 620 2556 quibus
635 2475 777 2548 abstinet,
792 2475 843 2534 ille
857 2475 975 2536 fruatur

162 2574 301 2635 Vocibus
316 2574 477 2635 obscoenis
491 2574 634 2654 omnique
649 2571 784 2631 libidinis
799 2581 864 2630 arte

163 2671 226 2743 Qui
240 2672 519 2734 Lacedaemonium
533 2672 701 2752 pytismate
715 2667 847 2728 lubricat
862 2667 976 2728 orbem.
1042 2737 1044 2746 x
1117 2682 1163 2730 115

162 2769 307 2850 Namque
321 2771 364 2830 ibi
379 2771 519 2832 fortunae
534 2770 656 2831 veniam
671 2767 797 2839 damus3
819 2765 885 2824 alea
900 2765 1004 2844 turpis,

162 2867 266 2948 Turpe
281 2878 314 2930 et
328 2869 514 2929 adulterium
528 2867 740 2929 mediocribus.
783 2862 870 2923 Haec
886 2863 993 2922 eadem
1008 2862 1051 2922 illi

163 2965 277 3026 Omnia
291 2988 386 3047 quum
399 2968 517 3030 faciunt
530 2969 642 3028 hilares
656 2965 808 3043 nitidique
822 2969 981 3022 vocantur.

162 3064 280 3125 Nostra
295 3067 415 3127 dabunt
429 3067 505 3130 alios
519 3067 612 3128 hodie
627 3063 770 3127 convivia
784 3060 890 3120 ludos:

163 3163 315 3227 Conditor
329 3167 444 3228 Iliados
459 3167 634 3228 cantabitur
649 3174 741 3252 atque
756 3157 894 3221 Maronis
1120 3165 1164 3210 18โฐ

162 3263 300 3326 Altisoni
315 3266 440 3325 dubiam
455 3265 598 3326 facientia
613 3263 748 3324 carmina
761 3259 904 3340 palmam.

153 3363 248 3436 sQuid
263 3364 356 3424 refert
371 3365 448 3424 tales
462 3381 569 3423 versus
584 3381 644 3441 qua
658 3379 734 3421 voce
748 3353 915 3436 legantur?

205 3462 267 3523 Sed
282 3481 365 3521 nunc
379 3460 482 3520 dilatis
496 3449 601 3518 averte
615 3452 741 3536 negotia
755 3453 835 3514 curis

162 3558 206 3619 Et
220 3567 341 3638 gratam
355 3556 492 3636 requiem
506 3555 588 3615 dona
601 3553 668 3628 tibi,
683 3549 805 3631 quando
819 3547 925 3609 licebit
