2622 4168
544 1073 707 1138 SATIRA
733 1075 774 1138 V.

158 1251 232 1396 SI
246 1259 278 1313 te
292 1252 442 1334 propositi
455 1253 593 1314 nondum
607 1252 706 1333 pudet
721 1263 813 1332 atque
828 1251 937 1312 eadem
951 1257 998 1312 est
1011 1267 1107 1324 mens,

244 1348 293 1410 Ut
306 1351 388 1410 bona
402 1369 520 1410 summa
533 1358 624 1429 putes
639 1350 739 1410 aliena
752 1350 856 1410 vivere
872 1348 1004 1428 quadra3

158 1445 191 1507 Si
206 1455 295 1526 potes
308 1446 361 1507 illa
374 1447 449 1526 pati,
464 1466 542 1526 quae
558 1466 615 1506 nec
631 1446 811 1508 Sarmentus
824 1447 944 1527 iniquas

158 1542 297 1603 Caesaris
312 1542 353 1602 ad
366 1561 497 1616 mensas,
511 1561 569 1602 nec
582 1542 652 1602 vilis
667 1543 767 1603 Galba
780 1544 911 1617 tulisset,

158 1638 308 1710 Quamvis
324 1639 430 1718 jurato
444 1647 582 1699 metuam
595 1638 653 1699 tibi
668 1639 792 1700 credere
807 1640 889 1700 testi.

156 1735 276 1796 Ventre
290 1736 367 1796 nihil
381 1736 456 1797 novi
468 1735 625 1816 frugalius.
667 1735 738 1796 Hoc
752 1745 856 1796 tamen
870 1735 971 1816 ipsum

154 1831 314 1893 'Defecisse
328 1841 404 1912 puta
418 1832 503 1914 quod
516 1832 601 1893 inani
615 1833 726 1894 sufficit
741 1835 832 1894 alvo:

156 1928 254 1990 Nulla
268 1929 392 2008 crepido
407 1929 521 1990 vacat?
541 1949 694 2010 nusquam
708 1949 786 2010 pons
800 1939 832 1992 et
845 1931 959 2011 tegetis
972 1949 1042 2011 pars

156 2026 294 2086 Dimidia
307 2025 454 2087 brevior?
475 2017 595 2086 tantine
609 2026 721 2105 injuria
735 2029 873 2088 coenae?

157 2123 236 2182 Tam
247 2123 356 2203 jejuna
368 2121 473 2196 fames,
487 2123 586 2202 possis
600 2143 671 2183 cum
685 2124 843 2184 honestius
856 2125 920 2186 illic
1028 2201 1031 2204 Ι
1131 2137 1162 2184 10

156 2217 200 2280 Et
213 2227 345 2280 tremere
360 2229 393 2280 et
407 2219 513 2280 sordes
527 2219 615 2286 farris
630 2221 769 2280 mordere
785 2221 909 2282 canini?

197 2315 303 2376 Primo
317 2315 377 2395 fige
391 2313 469 2392 loco,
485 2316 568 2396 quod
582 2325 618 2378 tu
633 2316 825 2378 discumbere
841 2319 945 2398 jussus

156 2412 335 2473 Mercedem
349 2413 479 2473 solidam
493 2423 635 2474 veterum
650 2414 732 2493 capis
747 2415 924 2475 officiorum.

157 2509 291 2571 Fructus
305 2509 458 2571 amicitiae
472 2529 602 2590 magnae
618 2510 721 2572 cibus:
742 2511 876 2590 imputat
889 2513 972 2572 huuc
984 2531 1047 2586 rex,

156 2607 200 2668 Et
214 2607 353 2688 quamvis
367 2627 471 2667 rarum
485 2616 591 2668 tamen
605 2607 749 2688 imputat.
789 2608 873 2687 Ergo
889 2608 966 2668 duos
979 2617 1051 2688 post
1129 2624 1160 2669 15

158 2705 192 2765 Si
205 2704 296 2766 libuit
311 2725 432 2765 menses
446 2705 625 2786 neglectum
639 2705 784 2764 adhibere
799 2705 953 2779 clientem,

157 2801 264 2862 Tertia
276 2823 315 2863 ne
330 2822 428 2863 vacuo
443 2812 575 2864 cessaret
589 2801 702 2864 culcita
715 2801 805 2877 lecto,

157 2897 255 2964 “Una
270 2901 389 2976 simus‚”
407 2902 458 2962 ait.
500 2900 656 2962 Votorum
670 2918 806 2960 summa:
827 2899 901 2980 quid
917 2900 997 2960 ultra
1032 2961 1036 2970 ,

157 2997 311 3071 Quaeris?
351 2998 456 3061 Habet
471 2999 602 3059 Trebius
619 3006 745 3077 propter
762 2997 845 3076 quod
862 3015 1002 3077 rumpere
1020 3015 1160 3058 somnum

156 3093 279 3156 Debent
294 3106 326 3157 et
339 3097 450 3177 ligulas
465 3095 620 3155 dimittere
635 3093 784 3155 sollicitus
798 3113 837 3154 ne
1128 3107 1161 3154 20

156 3192 239 3252 Tota
252 3193 413 3254 salutatrix
424 3194 491 3274 jam
506 3193 597 3253 turba
610 3189 764 3271 peregerit
778 3189 883 3250 orbern

158 3290 316 3351 Sideribus
331 3291 440 3365 dubiis,
455 3299 509 3352 aut
522 3290 576 3350 illo
590 3299 729 3368 tempore
744 3307 804 3366 quo
818 3307 850 3352 se

157 3385 285 3467 Frigida
299 3387 513 3468 circumagunt
526 3386 605 3467 pigri
620 3403 740 3446 sarraca
753 3383 881 3444 Bootae.

157 3483 265 3556 Qualis
279 3503 376 3545 coena
389 3484 519 3544 tamen?
561 3482 680 3543 Vinum
694 3479 778 3560 quod
792 3480 899 3541 sucida
912 3481 991 3542 nolit

156 3578 243 3641 Lana
255 3581 337 3662 pati:
358 3581 397 3641 de
413 3580 543 3642 conviva
558 3578 738 3660 Corybanta
751 3576 880 3638 videbis.
1128 3592 1159 3638 25
