2622 4168
176 395 217 462 74
478 412 514 457 n.
530 409 634 458 sunu
654 405 860 456 novennem

213 578 330 658 Accipe
345 597 423 658 quae
438 587 545 637 contra
558 577 661 636 valcat
675 573 784 634 solatia
797 573 875 632 ferre

173 677 216 737 Et
231 676 283 755 qui
297 695 354 735 nec
369 675 501 753 Cynicos
516 693 573 732 nec
588 672 693 732 Stoica
709 671 856 751 dogmata
870 668 946 749 legit

174 777 205 834 A
221 773 344 854 Cynicis
359 771 464 832 tunica
480 770 635 842 distantia,
651 790 713 828 non
728 768 898 848 Epicurum

175 871 310 953 Suspicit
324 869 428 949 exigui
441 869 557 928 laetum
573 867 763 948 plantaribus
777 867 868 928 horti.

174 973 329 1034 Curentur
342 967 429 1027 dubii
443 966 570 1026 medicis
585 965 750 1044 majoribus
765 965 868 1045 aegri3

107 1117 110 1124 .
173 1071 222 1130 Tu
236 1089 348 1130 venam
362 1068 412 1128 vel
427 1066 578 1150 discipulo
594 1065 753 1125 committe
768 1062 914 1143 Philippi.

174 1168 207 1227 Si
221 1169 341 1227 nullum
354 1166 386 1226 in
400 1159 489 1225 terris
504 1171 569 1222 tam
583 1162 766 1222 detestabile
780 1162 895 1222 factum

173 1265 321 1325 Ostendis
335 1272 442 1344 tace03
463 1280 521 1322 neo
534 1259 646 1340 pugnis
660 1259 789 1320 caedere
803 1262 912 1339 pectus

172 1361 218 1422 Te
233 1372 315 1434 veto,
330 1380 388 1421 nec
401 1361 494 1440 plana
508 1359 617 1419 faciem
631 1357 822 1442 contundere
843 1358 954 1436 palma,

173 1457 433 1537 Quandoquidem
449 1464 576 1536 accepto
591 1455 763 1514 claudenda
778 1463 826 1514 est
841 1453 938 1533 janua
953 1453 1074 1528 damno,

171 1555 214 1615 Et
228 1555 344 1634 majore
359 1555 469 1615 domus
483 1553 611 1633 gemitu,
626 1553 742 1635 majore
758 1552 896 1610 tumultu

171 1652 368 1732 Planguntur
381 1651 499 1712 nummi
514 1670 606 1731 quam
620 1649 738 1709 funera.
778 1648 881 1737 Nemo
897 1649 1034 1718 dolorem

170 1750 280 1830 Fingit
293 1750 325 1810 in
339 1751 398 1810 hoc
413 1769 493 1823 casu,
508 1758 627 1808 vestem
642 1747 787 1806 diducere
802 1765 953 1806 summam

171 1847 354 1920 Contentus,
368 1865 479 1906 vexare
494 1846 599 1906 oculos
613 1846 741 1904 humore
756 1853 872 1904 coacto.

170 1942 316 2003 Ploratur
329 1942 462 2002 lacrimis
477 1942 588 2002 amissa
602 1941 734 2020 pecunia
748 1940 838 2000 veris.

172 2037 234 2100 Sed
249 2024 272 2100 si
289 2047 400 2099 cuncta
414 2037 502 2099 vides
517 2038 607 2099 simili
622 2038 687 2097 fora
700 2039 792 2117 plena
806 2039 937 2117 querela,

171 2138 205 2197 Si
219 2138 321 2198 decies
334 2137 423 2198 lectis
437 2136 558 2197 diversa
571 2145 661 2215 parte
676 2136 799 2195 tabellis

125 2275 127 2279 -
169 2235 265 2298 Vana
276 2233 458 2314 supervacui
472 2234 580 2294 dicunt
595 2233 798 2311 chirographa
813 2231 897 2312 ligni,

168 2331 285 2411 Arguit
299 2330 434 2411 ipsorum
450 2351 526 2410 quos
540 2331 645 2391 littera
659 2348 842 2409 gemmaque
856 2329 999 2408 princeps

170 2427 414 2508 Sardonychum,
428 2428 537 2488 loculis
551 2446 629 2507 quae
651 2426 825 2486 custoditur
839 2425 971 2498 eburnis,

169 2525 320 2600 Tenum,
336 2525 470 2598 delicias,
486 2533 574 2583 extra
588 2523 763 2583 communia
776 2541 882 2582 censes
1020 2527 1022 2532 '

168 2623 378 2682 Ponendum?
421 2621 482 2694 Qui
497 2631 532 2680 tu
547 2621 679 2701 gallinae
693 2620 774 2680 filius
795 2620 891 2694 albae,

167 2720 236 2780 Nos
250 2720 326 2780 viles
340 2721 416 2799 pulli
431 2719 685 2804 nati-infelicibus
701 2718 791 2778 ovis?

167 2817 247 2876 Rem
263 2818 377 2896 pateris
390 2818 545 2878 modicam
560 2826 592 2876 et
606 2816 754 2876 mediocri
768 2816 828 2875 bile
842 2815 1008 2888 ferendam,

61 2990 65 2996 Ι
169 2914 203 2974 si
216 2914 322 2975 flectas
337 2916 442 2976 oculos
456 2915 572 2995 majora
587 2915 626 2974 ad
641 2913 776 2974 crimina.
819 2914 932 2975 Confer

169 3013 367 3074 Conductum
381 3013 542 3087 latronem,
557 3011 702 3071 incendia
716 3010 830 3070 sulfure
845 3021 954 3090 coepta

167 3111 274 3190 Atque
289 3110 370 3186 dolo,
384 3110 500 3190 primos
516 3129 611 3189 quum
621 3131 633 3189 J
639 3127 719 3167 anua
734 3107 851 3188 colligit
865 3107 970 3186 ignes:

169 3208 283 3269 Confer
297 3216 329 3268 ot
343 3209 399 3268 hos
414 3207 528 3268 veteris
543 3205 595 3285 qui
609 3205 724 3266 tollunt
738 3203 867 3284 grandia
881 3203 989 3285 templi

167 3304 286 3366 Pocula
300 3304 474 3364 adorandae
489 3301 637 3382 robiginis
651 3310 683 3361 et
697 3302 880 3380 populorum

168 3400 260 3461 Dona
274 3402 323 3461 vel
339 3400 466 3481 antiquo
479 3399 597 3479 positas
613 3417 631 3456 a
643 3415 717 3476 rege
732 3416 868 3458 coronas.

168 3499 254 3558 Haec
267 3497 311 3557 ibi
325 3496 350 3558 si
365 3518 426 3558 non
441 3504 522 3570 sunt,
536 3494 638 3554 minor
652 3501 754 3553 exstat
768 3493 933 3574 sacrilegus
948 3493 1000 3572 qui
