2622 4168
145 377 188 446 12
450 400 487 446 D.
510 401 612 447 suun
634 401 840 448 Juvsrmnrs
941 365 945 372 ’

144 561 207 621 “Si
220 562 321 642 pudor
334 571 391 638 est,
405 573 438 624 et
451 563 491 626 de
504 565 633 644 pulvino
647 576 753 645 surgat
767 567 902 646 equestri

145 657 241 737 Cujus
255 679 303 720 res
316 660 378 739 legi
391 681 454 720 uon
469 661 588 736 suffieit,
604 671 636 721 et
650 662 779 722 sedeant
793 663 843 724 hie

144 752 306 815 Lenonum
319 757 407 836 pueri
421 772 602 836 quoeunque
616 758 648 818 in
662 759 777 818 femiae
793 760 867 835 nati,

145 850 207 910 Hie
220 852 349 930 plaudat
363 853 454 913 nitidi
468 854 627 932 praeconis
641 854 721 915 filius
735 857 818 916 inter

145 947 304 1028 Pinnirapi
319 950 417 1011 eultos
433 951 565 1028 juvenes
577 953 578 957 ’
581 951 774 1032 juvenesque
789 955 944 1018 lanistae.'’

79 1073 82 1079 ·
146 1045 197 1104 Sie
211 1045 333 1105 libitum
348 1066 427 1106 vano
443 1047 495 1126 qui
511 1067 567 1108 nos
581 1049 725 1110 distinxit
740 1051 866 1116 Othoni.

146 1139 223 1211 Quis
237 1163 332 1221 gener
346 1144 395 1204 hie
409 1144 527 1230 plaeuit
543 1164 636 1206 censu
651 1147 752 1208 minor
766 1161 859 1232 atque
873 1155 992 1233 puellae

146 1238 312 1320 Sa1·einulis
325 1240 447 1318 impar?
468 1241 536 1320 quis
549 1262 666 1322 pauper
680 1247 823 1309 scribitur
836 1251 947 1312 heres?

146 1335 278 1408 Quando
294 1337 325 1396 in
340 1338 467 1397 oonsilio
482 1348 530 1398 est
544 1340 732 1404 Aedilibus?
772 1345 907 1426 Agmine
922 1347 1003 1408 faeto

144 1432 324 1493 Debuerant
338 1435 411 1494 olim
425 1444 534 1498 tenues
548 1437 695 1518 migrasse
711 1439 856 1511 Quirites.

136 1529 239 1596 Haud
254 1531 342 1590 fissile
358 1542 520 1613 emergunt
535 1555 666 1614 quorum
680 1539 845 1601 virtutibus
860 1541 964 1602 obstat

126 1654 127 1657 ¹
145 1627 209 1688 Res
224 1638 355 1708 angusta
369 1631 472 1690 domi:
494 1633 548 1693 sed
562 1633 681 1696 Romae
696 1636 800 1696 durior
814 1638 874 1699 illis

147 1725 301 1802 Conatus3
322 1747 435 1808 magno
449 1729 619 1809 hospitium
633 1732 813 1808 miserabile,
828 1755 940 1814 magno

147 1821 313 1882 Servorum
327 1833 451 1886 ventres
466 1836 498 1888 et
511 1827 593 1907 frugi
607 1830 736 1890 eoenula
750 1852 872 1911 magne.
953 1816 957 1825 ’

147 1920 308 1982 Fictilibus
322 1943 451 1983 coenare
465 1925 572 2003 pudet,
586 1926 668 2004 quod
683 1936 773 2006 turpe
788 1929 915 2008 negavit

146 2020 326 2080 Translatus
341 2021 443 2082 subito
457 2023 497 2081 ad
511 2022 631 2083 Marsos
645 2043 843 2104 mensamque
859 2025 1014 2086 Sabellam

147 2116 381 2198 Contentusque
395 2119 458 2180 illie
472 2130 585 2182 veneto
600 2121 738 2200 duroque
754 2123 883 2182 euoullo.

146 2213 223 2276 Pars
237 2237 350 2296 magna
363 2216 473 2278 Italiae
488 2227 544 2292 est,
558 2217 583 2278 si
597 2237 705 2278 verum
720 2219 921 2292 admittimus,
935 2219 967 2278 in
983 2238 1044 2299 qua

145 2311 248 2372 Nemo
263 2323 369 2394 togam
383 2315 476 2375 sumit
490 2314 550 2374 nisi
564 2323 712 2374 mortuus.
753 2314 825 2392 Ipsa
839 2315 958 2375 dierum

147 2412 310 2472 Festorum
323 2411 454 2472 herboso
469 2412 580 2477 colitur
594 2411 619 2470 si
634 2400 757 2490 quando
772 2412 894 2472 theatro

145 2505 293 2586 Majestas
307 2510 494 2589 tandemque
508 2509 590 2568 redit
604 2509 644 2567 ad
657 2507 778 2587 pulpita
792 2517 901 2568 notum

145 2602 309 2680 Euodium,
324 2628 417 2686 quum
432 2626 580 2687 personae
594 2605 738 2686 pallentis
751 2606 871 2666 hiatum

145 2700 183 2760 In
198 2704 316 2780 gremio
330 2704 436 2764 matris
450 2704 595 2764 formidat
610 2703 742 2762 rusticus
757 2703 865 2790 infans,

145 2797 301 2877 Aequales
314 2801 437 2861 habitus
451 2801 514 2860 illie
528 2801 719 2880 similemque
734 2799 853 2859 videbis

147 2893 343 2957 Orchestram
358 2905 389 2956 et
404 2897 568 2977 populum:
589 2897 663 2957 olari
678 2898 819 2956 velamen
834 2897 967 2971 honoris,

147 2995 309 3056 Sufficiunt
323 2995 446 3054 tunieae
461 2994 587 3054 summis
601 2994 765 3056 Aedilibus
780 2993 876 3054 albae.

147 3095 207 3154 Hie
222 3095 303 3152 ultra
316 3092 395 3151 vires
409 3090 533 3150 habitus
547 3091 648 3165 nitor;
669 3091 720 3152 hie
734 3091 850 3170 aliquid
864 3091 933 3170 plus

147 3191 250 3262 Quam
264 3188 337 3249 satis
351 3196 399 3249 est
412 3186 570 3252 interdum
584 3187 684 3246 aliena
699 3188 830 3248 sumitur
845 3207 923 3248 area.

132 3304 135 3310 ·
147 3288 318 3348 Commune
332 3284 365 3343 id
379 3283 490 3344 vitium
504 3292 568 3344 est:
589 3284 639 3344 hie
653 3284 787 3346 vivimus
803 3286 966 3346 ambitiosa

146 3382 335 3462 Paupertate
350 3399 464 3441 omnes.
506 3378 590 3451 Quid
605 3383 777 3440 temeror?
819 3382 933 3442 Omnia
947 3381 1066 3443 Romae

148 3479 227 3539 Oum
241 3477 349 3557 pretio.
392 3475 476 3548 Quid
490 3476 545 3536 das
559 3485 594 3536 ut
610 3478 740 3536 Cossum
754 3477 919 3557 aliquando
934 3479 1073 3547 salutes?

148 3573 196 3634 Ut
210 3585 241 3634 te
256 3572 399 3653 respiciat
413 3573 517 3632 elauso
531 3570 667 3633 Veiento
681 3573 819 3635 labello?
1105 3590 1152 3638 185
