<?xml version="1.0" encoding="UTF-8"?>
<!DOCTYPE html PUBLIC "-//W3C//DTD XHTML 1.0 Transitional//EN"
    "http://www.w3.org/TR/xhtml1/DTD/xhtml1-transitional.dtd">
<html xmlns="http://www.w3.org/1999/xhtml" xml:lang="en" lang="en">
 <head>
  <title>
</title>
<meta http-equiv="Content-Type" content="text/html;charset=utf-8" />
  <meta name='ocr-system' content='tesseract 3.04.00' />
  <meta name='ocr-capabilities' content='ocr_page ocr_carea ocr_par ocr_line ocrx_word'/>
</head>
<body>
  <div class='ocr_page' id='page_1' title='image "./thirteensatires01hartgoog_0077.png"; bbox 0 0 2622 4168; ppageno 0'>
   <div class='ocr_carea' id='block_1_1' title="bbox 460 363 849 414">
    <p class='ocr_par' dir='ltr' id='par_1_1' title="bbox 460 363 849 414">
     <span class='ocr_line' id='line_1_1' title="bbox 460 363 849 414; baseline -0.005 -2"><span class='ocrx_word' id='word_1_1' title='bbox 460 366 495 412; x_wconf 88' lang='lat' dir='ltr'>D.</span> <span class='ocrx_word' id='word_1_2' title='bbox 519 365 621 414; x_wconf 70' lang='lat' dir='ltr'>John</span> <span class='ocrx_word' id='word_1_3' title='bbox 643 363 849 414; x_wconf 78' lang='lat' dir='ltr'><strong>JUVENALIS</strong></span> 
     </span>
    </p>
   </div>
   <div class='ocr_carea' id='block_1_2' title="bbox 543 1104 791 1168">
    <p class='ocr_par' dir='ltr' id='par_1_2' title="bbox 543 1104 791 1168">
     <span class='ocr_line' id='line_1_2' title="bbox 543 1104 791 1168; baseline -0.008 0"><span class='ocrx_word' id='word_1_4' title='bbox 543 1105 706 1168; x_wconf 87' lang='lat' dir='ltr'><strong>SATIRA</strong></span> <span class='ocrx_word' id='word_1_5' title='bbox 732 1104 791 1166; x_wconf 91' lang='lat' dir='ltr'>XI.</span> 
     </span>
    </p>
   </div>
   <div class='ocr_carea' id='block_1_3' title="bbox 160 1299 1173 2735">
    <p class='ocr_par' dir='ltr' id='par_1_3' title="bbox 249 1299 966 1374">
     <span class='ocr_line' id='line_1_3' title="bbox 249 1299 966 1374; baseline -0.006 -12"><span class='ocrx_word' id='word_1_6' title='bbox 249 1301 406 1364; x_wconf 84' lang='lat' dir='ltr'>TTICUS</span> <span class='ocrx_word' id='word_1_7' title='bbox 422 1301 532 1362; x_wconf 85' lang='lat' dir='ltr'>eximie</span> <span class='ocrx_word' id='word_1_8' title='bbox 547 1301 572 1361; x_wconf 91' lang='lat' dir='ltr'>si</span> <span class='ocrx_word' id='word_1_9' title='bbox 586 1309 697 1362; x_wconf 79' lang='lat' dir='ltr'>coenat</span> <span class='ocrx_word' id='word_1_10' title='bbox 710 1299 812 1359; x_wconf 91' lang='lat' dir='ltr'>lautus</span> <span class='ocrx_word' id='word_1_11' title='bbox 827 1299 966 1374; x_wconf 89' lang='lat' dir='ltr'>habetur,</span> 
     </span>
    </p>

    <p class='ocr_par' dir='ltr' id='par_1_4' title="bbox 160 1396 1169 2058">
     <span class='ocr_line' id='line_1_4' title="bbox 278 1396 1119 1475; baseline 0 -17"><span class='ocrx_word' id='word_1_12' title='bbox 278 1399 310 1458; x_wconf 88' lang='lat' dir='ltr'>Si</span> <span class='ocrx_word' id='word_1_13' title='bbox 324 1399 450 1460; x_wconf 84' lang='lat' dir='ltr'><strong>Rutilus</strong></span> <span class='ocrx_word' id='word_1_14' title='bbox 464 1399 600 1458; x_wconf 91' lang='lat' dir='ltr'>demens.</span> <span class='ocrx_word' id='word_1_15' title='bbox 644 1397 728 1470; x_wconf 76' lang='lat' dir='ltr'>Quid</span> <span class='ocrx_word' id='word_1_16' title='bbox 744 1397 826 1456; x_wconf 87' lang='lat' dir='ltr'>enim</span> <span class='ocrx_word' id='word_1_17' title='bbox 840 1396 955 1475; x_wconf 89' lang='lat' dir='ltr'>majore</span> <span class='ocrx_word' id='word_1_18' title='bbox 970 1396 1119 1458; x_wconf 87' lang='lat' dir='ltr'>cachinno</span> 
     </span>
     <span class='ocr_line' id='line_1_5' title="bbox 166 1493 982 1575; baseline -0.004 -20"><span class='ocrx_word' id='word_1_19' title='bbox 166 1495 328 1574; x_wconf 83' lang='lat' dir='ltr'>Excipitur</span> <span class='ocrx_word' id='word_1_20' title='bbox 342 1495 426 1575; x_wconf 88' lang='lat' dir='ltr'>vulgi</span> <span class='ocrx_word' id='word_1_21' title='bbox 442 1513 534 1574; x_wconf 87' lang='lat' dir='ltr'>qnam</span> <span class='ocrx_word' id='word_1_22' title='bbox 548 1512 665 1573; x_wconf 83' lang='lat' dir='ltr'>pauper</span> <span class='ocrx_word' id='word_1_23' title='bbox 679 1493 831 1573; x_wconf 74' lang='lat' dir='ltr'>Apicius?</span> <span class='ocrx_word' id='word_1_24' title='bbox 873 1493 982 1552; x_wconf 91' lang='lat' dir='ltr'>Omnis</span> 
     </span>
     <span class='ocr_line' id='line_1_6' title="bbox 167 1590 956 1666; baseline -0.008 -12"><span class='ocrx_word' id='word_1_25' title='bbox 167 1592 345 1666; x_wconf 82' lang='lat' dir='ltr'>Convictus,</span> <span class='ocrx_word' id='word_1_26' title='bbox 360 1592 506 1664; x_wconf 82' lang='lat' dir='ltr'>thermae,</span> <span class='ocrx_word' id='word_1_27' title='bbox 522 1590 681 1665; x_wconf 88' lang='lat' dir='ltr'>stationes,</span> <span class='ocrx_word' id='word_1_28' title='bbox 696 1609 787 1649; x_wconf 90' lang='lat' dir='ltr'>omne</span> <span class='ocrx_word' id='word_1_29' title='bbox 802 1590 956 1650; x_wconf 81' lang='lat' dir='ltr'>theatrum</span> 
     </span>
     <span class='ocr_line' id='line_1_7' title="bbox 166 1686 1169 1766; baseline -0.002 -18"><span class='ocrx_word' id='word_1_30' title='bbox 166 1689 215 1748; x_wconf 92' lang='lat' dir='ltr'>De</span> <span class='ocrx_word' id='word_1_31' title='bbox 232 1688 348 1748; x_wconf 84' lang='lat' dir='ltr'>Rutilo.</span> <span class='ocrx_word' id='word_1_32' title='bbox 390 1687 473 1748; x_wconf 89' lang='lat' dir='ltr'>Nam</span> <span class='ocrx_word' id='word_1_33' title='bbox 488 1687 563 1748; x_wconf 89' lang='lat' dir='ltr'>dum</span> <span class='ocrx_word' id='word_1_34' title='bbox 578 1687 681 1747; x_wconf 86' lang='lat' dir='ltr'>valida</span> <span class='ocrx_word' id='word_1_35' title='bbox 696 1707 731 1748; x_wconf 91' lang='lat' dir='ltr'>ae</span> <span class='ocrx_word' id='word_1_36' title='bbox 740 1686 900 1766; x_wconf 90' lang='lat' dir='ltr'>juvenalia</span> <span class='ocrx_word' id='word_1_37' title='bbox 915 1687 1052 1747; x_wconf 91' lang='lat' dir='ltr'>membra</span> <span class='ocrx_word' id='word_1_38' title='bbox 1154 1703 1169 1746; x_wconf 84' lang='lat'><strong>5</strong></span> 
     </span>
     <span class='ocr_line' id='line_1_8' title="bbox 160 1784 1010 1866; baseline -0.001 -21"><span class='ocrx_word' id='word_1_39' title='bbox 160 1785 329 1845; x_wconf 84' lang='lat' dir='ltr'>&#39;Sufficiunt</span> <span class='ocrx_word' id='word_1_40' title='bbox 343 1786 450 1866; x_wconf 84' lang='lat' dir='ltr'>galeae</span> <span class='ocrx_word' id='word_1_41' title='bbox 465 1784 600 1864; x_wconf 88' lang='lat' dir='ltr'>dumque</span> <span class='ocrx_word' id='word_1_42' title='bbox 616 1785 727 1844; x_wconf 84' lang='lat' dir='ltr'>ardens</span> <span class='ocrx_word' id='word_1_43' title='bbox 742 1785 899 1864; x_wconf 85' lang='lat' dir='ltr'>sanguine,</span> <span class='ocrx_word' id='word_1_44' title='bbox 914 1785 1010 1844; x_wconf 80' lang='lat' dir='ltr'>fertur</span> 
     </span>
     <span class='ocr_line' id='line_1_9' title="bbox 170 1881 1047 1962; baseline 0.002 -22"><span class='ocrx_word' id='word_1_45' title='bbox 170 1882 256 1962; x_wconf 85' lang='lat' dir='ltr'>(Non</span> <span class='ocrx_word' id='word_1_46' title='bbox 272 1891 403 1961; x_wconf 82' lang='lat' dir='ltr'>cogente</span> <span class='ocrx_word' id='word_1_47' title='bbox 418 1881 542 1962; x_wconf 90' lang='lat' dir='ltr'>quidem</span> <span class='ocrx_word' id='word_1_48' title='bbox 557 1881 612 1942; x_wconf 90' lang='lat' dir='ltr'>sed</span> <span class='ocrx_word' id='word_1_49' title='bbox 627 1901 685 1942; x_wconf 91' lang='lat' dir='ltr'>nec</span> <span class='ocrx_word' id='word_1_50' title='bbox 699 1882 882 1961; x_wconf 87' lang='lat' dir='ltr'>prohibente</span> <span class='ocrx_word' id='word_1_51' title='bbox 896 1881 1047 1961; x_wconf 84' lang='lat' dir='ltr'>Tribuno)</span> 
     </span>
     <span class='ocr_line' id='line_1_10' title="bbox 169 1978 851 2058; baseline -0.003 -18"><span class='ocrx_word' id='word_1_52' title='bbox 169 1978 344 2058; x_wconf 85' lang='lat' dir='ltr'>Scripturas</span> <span class='ocrx_word' id='word_1_53' title='bbox 358 1979 442 2058; x_wconf 84' lang='lat' dir='ltr'>leges</span> <span class='ocrx_word' id='word_1_54' title='bbox 456 1987 489 2038; x_wconf 89' lang='lat' dir='ltr'>et</span> <span class='ocrx_word' id='word_1_55' title='bbox 503 1978 589 2058; x_wconf 88' lang='lat' dir='ltr'>regia</span> <span class='ocrx_word' id='word_1_56' title='bbox 603 1979 698 2038; x_wconf 88' lang='lat' dir='ltr'>verba</span> <span class='ocrx_word' id='word_1_57' title='bbox 711 1978 851 2039; x_wconf 89' lang='lat' dir='ltr'>lanistae.</span> 
     </span>
    </p>

    <p class='ocr_par' dir='ltr' id='par_1_5' title="bbox 167 2072 1172 2348">
     <span class='ocr_line' id='line_1_11' title="bbox 167 2072 1037 2156; baseline 0.001 -21"><span class='ocrx_word' id='word_1_58' title='bbox 167 2075 283 2136; x_wconf 89' lang='lat' dir='ltr'>Multos</span> <span class='ocrx_word' id='word_1_59' title='bbox 298 2095 389 2154; x_wconf 90' lang='lat' dir='ltr'>porro</span> <span class='ocrx_word' id='word_1_60' title='bbox 403 2075 490 2134; x_wconf 90' lang='lat' dir='ltr'>vides</span> <span class='ocrx_word' id='word_1_61' title='bbox 505 2095 581 2156; x_wconf 91' lang='lat' dir='ltr'>quos</span> <span class='ocrx_word' id='word_1_62' title='bbox 595 2095 686 2155; x_wconf 83' lang='lat' dir='ltr'>saepe</span> <span class='ocrx_word' id='word_1_63' title='bbox 701 2076 803 2136; x_wconf 91' lang='lat' dir='ltr'>elusus</span> <span class='ocrx_word' id='word_1_64' title='bbox 818 2075 972 2155; x_wconf 91' lang='lat' dir='ltr'>adipsum</span> <span class='ocrx_word' id='word_1_65' title='bbox 1035 2072 1037 2077; x_wconf 70' lang='grc'>’</span> 
     </span>
     <span class='ocr_line' id='line_1_12' title="bbox 169 2171 1172 2251; baseline -0.002 -17"><span class='ocrx_word' id='word_1_66' title='bbox 169 2172 312 2234; x_wconf 84' lang='lat' dir='ltr'>Creditor</span> <span class='ocrx_word' id='word_1_67' title='bbox 325 2171 485 2231; x_wconf 89' lang='lat' dir='ltr'>introitum</span> <span class='ocrx_word' id='word_1_68' title='bbox 501 2173 580 2232; x_wconf 87' lang='lat' dir='ltr'>solet</span> <span class='ocrx_word' id='word_1_69' title='bbox 595 2181 772 2251; x_wconf 87' lang='lat' dir='ltr'>exspectare</span> <span class='ocrx_word' id='word_1_70' title='bbox 787 2172 917 2247; x_wconf 83' lang='lat' dir='ltr'>macelli,</span> <span class='ocrx_word' id='word_1_71' title='bbox 1041 2223 1045 2230; x_wconf 93' lang='lat'><em>.</em></span> <span class='ocrx_word' id='word_1_72' title='bbox 1141 2188 1172 2232; x_wconf 92' lang='lat'>10</span> 
     </span>
     <span class='ocr_line' id='line_1_13' title="bbox 168 2267 891 2348; baseline 0.001 -20"><span class='ocrx_word' id='word_1_73' title='bbox 168 2267 210 2329; x_wconf 86' lang='lat' dir='ltr'>Et</span> <span class='ocrx_word' id='word_1_74' title='bbox 225 2269 333 2347; x_wconf 90' lang='lat' dir='ltr'>quibus</span> <span class='ocrx_word' id='word_1_75' title='bbox 347 2267 379 2328; x_wconf 92' lang='lat' dir='ltr'>in</span> <span class='ocrx_word' id='word_1_76' title='bbox 394 2269 458 2328; x_wconf 92' lang='lat' dir='ltr'>solo</span> <span class='ocrx_word' id='word_1_77' title='bbox 473 2269 599 2328; x_wconf 89' lang='lat' dir='ltr'>vivendi</span> <span class='ocrx_word' id='word_1_78' title='bbox 613 2289 704 2329; x_wconf 88' lang='lat' dir='ltr'>causa</span> <span class='ocrx_word' id='word_1_79' title='bbox 717 2269 820 2348; x_wconf 86' lang='lat' dir='ltr'>palato</span> <span class='ocrx_word' id='word_1_80' title='bbox 835 2278 891 2330; x_wconf 88' lang='lat' dir='ltr'>est.</span> 
     </span>
    </p>

    <p class='ocr_par' dir='ltr' id='par_1_6' title="bbox 168 2363 964 2445">
     <span class='ocr_line' id='line_1_14' title="bbox 168 2363 964 2445; baseline 0.004 -22"><span class='ocrx_word' id='word_1_81' title='bbox 168 2363 319 2444; x_wconf 81' lang='lat' dir='ltr'>Egregius</span> <span class='ocrx_word' id='word_1_82' title='bbox 334 2373 444 2426; x_wconf 91' lang='lat' dir='ltr'>coenat</span> <span class='ocrx_word' id='word_1_83' title='bbox 458 2365 628 2445; x_wconf 83' lang='lat' dir='ltr'>meliusque</span> <span class='ocrx_word' id='word_1_84' title='bbox 643 2365 831 2425; x_wconf 86' lang='lat' dir='ltr'>miserrimus</span> <span class='ocrx_word' id='word_1_85' title='bbox 846 2367 964 2439; x_wconf 90' lang='lat' dir='ltr'>horum,</span> 
     </span>
    </p>

    <p class='ocr_par' dir='ltr' id='par_1_7' title="bbox 168 2460 803 2542">
     <span class='ocr_line' id='line_1_15' title="bbox 168 2460 803 2542; baseline 0.003 -22"><span class='ocrx_word' id='word_1_86' title='bbox 168 2460 211 2521; x_wconf 87' lang='lat' dir='ltr'>Et</span> <span class='ocrx_word' id='word_1_87' title='bbox 226 2463 288 2522; x_wconf 90' lang='lat' dir='ltr'>cito</span> <span class='ocrx_word' id='word_1_88' title='bbox 302 2481 425 2522; x_wconf 88' lang='lat' dir='ltr'>casurus</span> <span class='ocrx_word' id='word_1_89' title='bbox 434 2461 501 2542; x_wconf 88' lang='lat' dir='ltr'>jam</span> <span class='ocrx_word' id='word_1_90' title='bbox 515 2462 693 2540; x_wconf 86' lang='lat' dir='ltr'>perlucente</span> <span class='ocrx_word' id='word_1_91' title='bbox 707 2462 803 2522; x_wconf 85' lang='lat' dir='ltr'>ruina.</span> 
     </span>
    </p>

    <p class='ocr_par' dir='ltr' id='par_1_8' title="bbox 168 2557 1173 2735">
     <span class='ocr_line' id='line_1_16' title="bbox 171 2557 991 2640; baseline 0.001 -22"><span class='ocrx_word' id='word_1_92' title='bbox 171 2557 294 2618; x_wconf 88' lang='lat' dir='ltr'>Interea</span> <span class='ocrx_word' id='word_1_93' title='bbox 307 2568 416 2638; x_wconf 85' lang='lat' dir='ltr'>gustus</span> <span class='ocrx_word' id='word_1_94' title='bbox 431 2559 584 2618; x_wconf 86' lang='lat' dir='ltr'>elementa</span> <span class='ocrx_word' id='word_1_95' title='bbox 598 2579 653 2638; x_wconf 90' lang='lat' dir='ltr'>per</span> <span class='ocrx_word' id='word_1_96' title='bbox 667 2559 770 2618; x_wconf 90' lang='lat' dir='ltr'>omnia</span> <span class='ocrx_word' id='word_1_97' title='bbox 785 2567 945 2640; x_wconf 87' lang='lat' dir='ltr'>quaerunt,</span> <span class='ocrx_word' id='word_1_98' title='bbox 989 2589 991 2593; x_wconf 50' lang='lat'><strong><em>¹</em></strong></span> 
     </span>
     <span class='ocr_line' id='line_1_17' title="bbox 168 2655 1173 2735; baseline 0.002 -20"><span class='ocrx_word' id='word_1_99' title='bbox 168 2655 337 2734; x_wconf 87' lang='lat' dir='ltr'>Nunquam</span> <span class='ocrx_word' id='word_1_100' title='bbox 352 2656 454 2715; x_wconf 89' lang='lat' dir='ltr'>animo</span> <span class='ocrx_word' id='word_1_101' title='bbox 469 2655 577 2735; x_wconf 89' lang='lat' dir='ltr'>pretiis</span> <span class='ocrx_word' id='word_1_102' title='bbox 592 2656 804 2716; x_wconf 85' lang='lat' dir='ltr'>obstantibus:</span> <span class='ocrx_word' id='word_1_103' title='bbox 827 2656 956 2716; x_wconf 88' lang='lat' dir='ltr'>interius</span> <span class='ocrx_word' id='word_1_104' title='bbox 970 2655 996 2716; x_wconf 92' lang='lat' dir='ltr'>si</span> <span class='ocrx_word' id='word_1_105' title='bbox 1143 2672 1173 2717; x_wconf 81' lang='lat'>15</span> 
     </span>
    </p>
   </div>
   <div class='ocr_carea' id='block_1_4' title="bbox 15 2752 1013 2833">
    <p class='ocr_par' dir='ltr' id='par_1_9' title="bbox 15 2752 1013 2833">
     <span class='ocr_line' id='line_1_18' title="bbox 15 2752 1013 2833; baseline 0.003 -23"><span class='ocrx_word' id='word_1_106' title='bbox 15 2763 16 2768; x_wconf 76' lang='grc'>’</span> <span class='ocrx_word' id='word_1_107' title='bbox 127 2825 129 2830; x_wconf 21' lang='grc' dir='ltr'>Ι</span> <span class='ocrx_word' id='word_1_108' title='bbox 168 2752 334 2825; x_wconf 70' lang='lat' dir='ltr'>Amendae,</span> <span class='ocrx_word' id='word_1_109' title='bbox 348 2753 446 2832; x_wconf 82' lang='lat' dir='ltr'>magis</span> <span class='ocrx_word' id='word_1_110' title='bbox 461 2753 516 2812; x_wconf 89' lang='lat' dir='ltr'>illa</span> <span class='ocrx_word' id='word_1_111' title='bbox 525 2753 641 2831; x_wconf 82' lang='lat' dir='ltr'>juvant</span> <span class='ocrx_word' id='word_1_112' title='bbox 657 2772 735 2833; x_wconf 90' lang='lat' dir='ltr'>quae</span> <span class='ocrx_word' id='word_1_113' title='bbox 749 2753 845 2832; x_wconf 89' lang='lat' dir='ltr'>pluris</span> <span class='ocrx_word' id='word_1_114' title='bbox 860 2764 1013 2814; x_wconf 89' lang='lat' dir='ltr'>emuntur.</span> 
     </span>
    </p>
   </div>
   <div class='ocr_carea' id='block_1_5' title="bbox 169 2847 1175 3606">
    <p class='ocr_par' dir='ltr' id='par_1_10' title="bbox 169 2847 1061 2929">
     <span class='ocr_line' id='line_1_19' title="bbox 169 2847 1061 2929; baseline 0.002 -21"><span class='ocrx_word' id='word_1_115' title='bbox 169 2847 253 2928; x_wconf 86' lang='lat' dir='ltr'>Ergo</span> <span class='ocrx_word' id='word_1_116' title='bbox 267 2848 350 2907; x_wconf 91' lang='lat' dir='ltr'>haud</span> <span class='ocrx_word' id='word_1_117' title='bbox 365 2848 486 2908; x_wconf 90' lang='lat' dir='ltr'>difficile</span> <span class='ocrx_word' id='word_1_118' title='bbox 502 2858 549 2908; x_wconf 89' lang='lat' dir='ltr'>est</span> <span class='ocrx_word' id='word_1_119' title='bbox 563 2850 731 2929; x_wconf 88' lang='lat' dir='ltr'>perituram</span> <span class='ocrx_word' id='word_1_120' title='bbox 747 2869 897 2910; x_wconf 88' lang='lat' dir='ltr'>arcessere</span> <span class='ocrx_word' id='word_1_121' title='bbox 911 2870 1061 2910; x_wconf 88' lang='lat' dir='ltr'>summam</span> 
     </span>
    </p>

    <p class='ocr_par' dir='ltr' id='par_1_11' title="bbox 169 2945 939 3028">
     <span class='ocr_line' id='line_1_20' title="bbox 169 2945 939 3028; baseline 0.005 -25"><span class='ocrx_word' id='word_1_122' title='bbox 169 2945 323 3004; x_wconf 88' lang='lat' dir='ltr'>Lancibns</span> <span class='ocrx_word' id='word_1_123' title='bbox 337 2945 486 3024; x_wconf 91' lang='lat' dir='ltr'>oppositis</span> <span class='ocrx_word' id='word_1_124' title='bbox 500 2947 551 3005; x_wconf 88' lang='lat' dir='ltr'>vol</span> <span class='ocrx_word' id='word_1_125' title='bbox 565 2948 672 3008; x_wconf 88' lang='lat' dir='ltr'>matris</span> <span class='ocrx_word' id='word_1_126' title='bbox 687 2947 820 3028; x_wconf 86' lang='lat' dir='ltr'>imagine</span> <span class='ocrx_word' id='word_1_127' title='bbox 834 2949 939 3020; x_wconf 83' lang='lat' dir='ltr'>fracta,</span> 
     </span>
    </p>

    <p class='ocr_par' dir='ltr' id='par_1_12' title="bbox 169 3039 926 3128">
     <span class='ocr_line' id='line_1_21' title="bbox 169 3039 926 3128; baseline 0.001 -29"><span class='ocrx_word' id='word_1_128' title='bbox 169 3039 212 3099; x_wconf 89' lang='lat' dir='ltr'>Et</span> <span class='ocrx_word' id='word_1_129' title='bbox 228 3039 460 3119; x_wconf 76' lang='lat' dir='ltr'>quadringentis</span> <span class='ocrx_word' id='word_1_130' title='bbox 474 3043 608 3102; x_wconf 87' lang='lat' dir='ltr'>nummis</span> <span class='ocrx_word' id='word_1_131' title='bbox 623 3043 749 3103; x_wconf 85' lang='lat' dir='ltr'>eo&#39;ndire</span> <span class='ocrx_word' id='word_1_132' title='bbox 762 3044 926 3128; x_wconf 64' lang='lat' dir='ltr'>gulosum⁴</span> 
     </span>
    </p>

    <p class='ocr_par' dir='ltr' id='par_1_13' title="bbox 169 3130 1175 3316">
     <span class='ocr_line' id='line_1_22' title="bbox 169 3130 1175 3202; baseline 0.007 -8"><span class='ocrx_word' id='word_1_133' title='bbox 169 3135 290 3195; x_wconf 86' lang='lat' dir='ltr'>Fictile.</span> <span class='ocrx_word' id='word_1_134' title='bbox 333 3135 385 3196; x_wconf 88' lang='lat' dir='ltr'>Sic</span> <span class='ocrx_word' id='word_1_135' title='bbox 398 3138 530 3199; x_wconf 88' lang='lat' dir='ltr'>veniunt</span> <span class='ocrx_word' id='word_1_136' title='bbox 545 3139 794 3200; x_wconf 88' lang='lat' dir='ltr'>admiscellanea</span> <span class='ocrx_word' id='word_1_137' title='bbox 808 3139 882 3199; x_wconf 91' lang='lat' dir='ltr'>ludi.</span> <span class='ocrx_word' id='word_1_138' title='bbox 966 3130 973 3144; x_wconf 81' lang='grc'><strong>’</strong></span> <span class='ocrx_word' id='word_1_139' title='bbox 1142 3154 1175 3202; x_wconf 83' lang='lat'>20</span> 
     </span>
     <span class='ocr_line' id='line_1_23' title="bbox 210 3231 1084 3316; baseline 0.006 -24"><span class='ocrx_word' id='word_1_140' title='bbox 210 3231 319 3292; x_wconf 85' lang='lat' dir='ltr'>Refert</span> <span class='ocrx_word' id='word_1_141' title='bbox 333 3252 407 3314; x_wconf 88' lang='lat' dir='ltr'>ergo</span> <span class='ocrx_word' id='word_1_142' title='bbox 422 3235 490 3314; x_wconf 88' lang='lat' dir='ltr'>quis</span> <span class='ocrx_word' id='word_1_143' title='bbox 504 3237 581 3296; x_wconf 90' lang='lat' dir='ltr'>haec</span> <span class='ocrx_word' id='word_1_144' title='bbox 595 3237 704 3296; x_wconf 87' lang='lat' dir='ltr'>eadem</span> <span class='ocrx_word' id='word_1_145' title='bbox 718 3245 823 3316; x_wconf 86' lang='lat' dir='ltr'>paret3</span> <span class='ocrx_word' id='word_1_146' title='bbox 844 3236 877 3296; x_wconf 91' lang='lat' dir='ltr'>in</span> <span class='ocrx_word' id='word_1_147' title='bbox 891 3234 1000 3296; x_wconf 87' lang='lat' dir='ltr'>Rutilo</span> <span class='ocrx_word' id='word_1_148' title='bbox 1014 3253 1084 3296; x_wconf 89' lang='lat' dir='ltr'>uam</span> 
     </span>
    </p>

    <p class='ocr_par' dir='ltr' id='par_1_14' title="bbox 169 3327 884 3406">
     <span class='ocr_line' id='line_1_24' title="bbox 169 3327 884 3406; baseline 0.006 -18"><span class='ocrx_word' id='word_1_149' title='bbox 169 3327 305 3388; x_wconf 84' lang='lat' dir='ltr'>Luxuria</span> <span class='ocrx_word' id='word_1_150' title='bbox 319 3340 375 3406; x_wconf 91' lang='lat' dir='ltr'>est,</span> <span class='ocrx_word' id='word_1_151' title='bbox 390 3331 423 3393; x_wconf 93' lang='lat' dir='ltr'>in</span> <span class='ocrx_word' id='word_1_152' title='bbox 438 3331 590 3394; x_wconf 88' lang='lat' dir='ltr'>Ventidio</span> <span class='ocrx_word' id='word_1_153' title='bbox 603 3333 757 3394; x_wconf 87' lang='lat' dir='ltr'>laudabile</span> <span class='ocrx_word' id='word_1_154' title='bbox 772 3353 884 3392; x_wconf 90' lang='lat' dir='ltr'>nomen</span> 
     </span>
    </p>

    <p class='ocr_par' dir='ltr' id='par_1_15' title="bbox 171 3425 994 3510">
     <span class='ocr_line' id='line_1_25' title="bbox 171 3425 994 3510; baseline 0.006 -25"><span class='ocrx_word' id='word_1_155' title='bbox 171 3425 273 3486; x_wconf 87' lang='lat' dir='ltr'>Sumit</span> <span class='ocrx_word' id='word_1_156' title='bbox 288 3436 320 3488; x_wconf 92' lang='lat' dir='ltr'>et</span> <span class='ocrx_word' id='word_1_157' title='bbox 335 3447 353 3488; x_wconf 90' lang='lat' dir='ltr'>a</span> <span class='ocrx_word' id='word_1_158' title='bbox 367 3448 459 3490; x_wconf 89' lang='lat' dir='ltr'>censu</span> <span class='ocrx_word' id='word_1_159' title='bbox 474 3429 588 3490; x_wconf 88' lang='lat' dir='ltr'>famam</span> <span class='ocrx_word' id='word_1_160' title='bbox 602 3430 707 3489; x_wconf 91' lang='lat' dir='ltr'>trahit.</span> <span class='ocrx_word' id='word_1_161' title='bbox 748 3429 841 3489; x_wconf 91' lang='lat' dir='ltr'>Illum</span> <span class='ocrx_word' id='word_1_162' title='bbox 855 3450 913 3510; x_wconf 85' lang='lat' dir='ltr'>ego</span> <span class='ocrx_word' id='word_1_163' title='bbox 922 3429 994 3510; x_wconf 90' lang='lat' dir='ltr'>jure</span> 
     </span>
    </p>

    <p class='ocr_par' dir='ltr' id='par_1_16' title="bbox 170 3523 894 3606">
     <span class='ocr_line' id='line_1_26' title="bbox 170 3523 894 3606; baseline 0.006 -24"><span class='ocrx_word' id='word_1_164' title='bbox 170 3523 348 3606; x_wconf 88' lang='lat' dir='ltr'>Despiciam</span> <span class='ocrx_word' id='word_1_165' title='bbox 363 3525 415 3606; x_wconf 91' lang='lat' dir='ltr'>qui</span> <span class='ocrx_word' id='word_1_166' title='bbox 429 3525 488 3588; x_wconf 87' lang='lat' dir='ltr'>scit</span> <span class='ocrx_word' id='word_1_167' title='bbox 502 3534 618 3606; x_wconf 90' lang='lat' dir='ltr'>quanto</span> <span class='ocrx_word' id='word_1_168' title='bbox 633 3525 790 3586; x_wconf 90' lang='lat' dir='ltr'>sublimior</span> <span class='ocrx_word' id='word_1_169' title='bbox 803 3526 894 3586; x_wconf 89' lang='lat' dir='ltr'>Atlas</span> 
     </span>
    </p>
   </div>
   <div class='ocr_carea' id='block_1_6' title="bbox 0 0 1319 4168">
    <p class='ocr_par' dir='ltr' id='par_1_17' title="bbox 0 0 1319 4168">
     <span class='ocr_line' id='line_1_27' title="bbox 0 0 1319 4168; baseline 0 0"><span class='ocrx_word' id='word_1_170' title='bbox 0 0 1319 4168; x_wconf 95' lang='lat' dir='ltr'> </span> 
     </span>
    </p>
   </div>
  </div>
 </body>
</html>
