2622 4168
159 390 200 454 32
462 407 499 452 n.
514 407 618 454 suun
638 406 844 455 Juvnuanrs

159 570 252 644 Quod
266 589 329 633 non
344 570 421 632 dant
434 585 576 652 proceres
590 572 676 634 dabit
690 572 815 634 histrio:
837 583 873 632 tu
888 571 1067 634 Camerinos
1125 585 1158 632 90

157 667 200 729 Et
214 667 337 744 Bareas,¹
351 676 387 728 tu
400 669 550 729 nobilium
565 689 677 750 magna
691 669 769 730 atria
783 669 893 730 curas?

157 766 335 826 Praefectos
348 764 485 845 Pelopea
498 765 581 840 facit,
595 766 768 827 Philomela
782 765 931 827 tribunos.

157 863 253 924 Haud
266 871 370 924 tamen
383 863 524 924 invideas
537 863 611 938 vati,
627 883 718 944 quern
732 863 852 943 pulpita
865 871 1004 942 pascunt.

158 959 235 1031 Quis
248 959 306 1020 tibi
320 957 509 1019 Maecenas?
530 959 597 1038 quis
612 979 695 1020 nunc
709 960 768 1020 erit
782 967 835 1018 aut
849 957 1030 1018 Proculeius

156 1057 224 1117 Aut
238 1055 377 1117 Fabius?
398 1055 465 1136 quis
480 1056 575 1118 Cotta
588 1057 722 1116 iterum?
744 1056 812 1137 quis
825 1055 977 1116 Lentulus
992 1055 1090 1115 alter?
1127 1070 1159 1116 95

156 1150 245 1215 Tunc
259 1173 314 1234 par
327 1153 453 1233 ingenio
466 1153 620 1233 pretium;
641 1163 717 1214 tunc
731 1155 807 1214 utile
821 1153 925 1214 multis

156 1250 277 1326 Pallere
291 1259 323 1311 et
337 1250 445 1310 vinum
459 1259 527 1311 toto
541 1251 659 1311 nescire
673 1249 846 1311 Decembri.
886 1279 887 1282 ¹

195 1348 310 1408 Vester
322 1367 414 1426 porro
427 1347 515 1407 labor
527 1347 695 1421 fecundior,
710 1347 907 1407 historiarum

157 1445 350 1526 Scriptores?
370 1445 450 1523 petit
463 1445 514 1504 hio
527 1444 600 1523 plus'
610 1444 757 1523 temporis
772 1453 864 1522 atque
880 1444 939 1504 olei
952 1444 1039 1526 plus:

155 1542 299 1620 Namque
314 1541 411 1600 oblita
423 1540 509 1600 modi
523 1540 686 1600 millesima
699 1540 813 1620 pagina
827 1540 925 1620 surgit
1114 1557 1160 1601 100

156 1638 308 1698 Omnibus
323 1646 355 1697 et
368 1638 467 1698 multa
481 1637 590 1698 crescit
604 1637 752 1697 damnosa
765 1656 890 1717 papyro.

156 1736 207 1812 Sic
221 1725 332 1815 ingens
344 1754 446 1794 rerum
461 1754 607 1795 numerus
616 1735 706 1814 jubet
722 1743 814 1814 atque
829 1754 956 1813 operum
971 1736 1030 1794 lex.

156 1832 244 1904 Quae
258 1841 364 1892 tamen
378 1831 451 1890 inde
466 1831 577 1910 seges?
597 1840 697 1892 terrae
712 1831 779 1911 quis
793 1831 911 1892 fructus
925 1833 1072 1911 apertae?

155 1927 232 2001 Quis
246 1927 334 1988 dabit
347 1927 492 1988 historico
507 1939 657 2007 quantum
672 1928 760 1988 daret
775 1939 843 1988 acta
858 1927 997 2008 legenti?

193 2023 283 2084 “Sed
296 2043 394 2104 genus
408 2023 557 2102 ignavum
571 2024 655 2104 quod
669 2026 750 2085 lecto
764 2025 880 2105 gaudet
895 2035 928 2086 et
941 2024 1075 2086 umbra.”
1111 2041 1157 2087 105

153 2122 214 2182 Β10
227 2121 323 2201 igitur
337 2120 412 2200 quid
426 2121 587 2182 causidicis
602 2122 704 2183 civilia
717 2131 877 2202 praestent

155 2218 262 2279 Officia
277 2228 309 2279 et
323 2238 436 2298 magno
450 2219 579 2279 comites
592 2219 624 2278 in
639 2219 720 2285 fasce
734 2219 838 2279 libelli.

153 2315 217 2396 Ipsi
232 2335 344 2396 magna
358 2325 479 2390 sonant,
493 2317 637 2376 sedtunc
651 2336 746 2395 quum
761 2317 894 2377 creditor
908 2317 995 2378 audit

153 2413 333 2493 Praecipue,
347 2414 397 2474 vel
412 2414 437 2474 si
450 2413 556 2494 tetigit
569 2415 650 2474 latus
665 2414 763 2474 acrior
775 2414 830 2474 illo

154 2511 217 2584 Qui
231 2513 317 2574 venit
332 2514 372 2573 ad
385 2513 513 2574 dubium
526 2513 637 2594 grandi
651 2534 720 2574 oum
737 2513 841 2574 codice
856 2533 977 2575 nomen.
1112 2531 1158 2577 110

153 2609 243 2671 Tunc
256 2611 407 2672 immensa
421 2611 489 2672 cavi
504 2613 621 2692 spirant
635 2611 796 2672 mendacia
810 2612 896 2672 folles

17 2723 20 2728 “
116 2762 118 2766 .
151 2708 403 2788 Conspuiturque
417 2709 509 2770 sinus.
550 2709 667 2770 Veram
682 2709 871 2788 deprendere
885 2729 1016 2770 messem

154 2805 188 2866 Si
202 2805 286 2880 libet,
300 2806 372 2867 hino
387 2815 510 2868 centum
525 2807 710 2886 patrimonia
724 2807 956 2882 causidicorum,

152 2902 247 2964 Parte
262 2903 322 2963 alia
336 2904 435 2964 solum
449 2903 559 2962 russati
573 2923 653 2982 pone
669 2902 833 2964 Lacernae.

153 3001 328 3062 Consedere
342 2999 463 3060 Duces:
483 3000 582 3079 surgis
596 3009 631 3060 tu
644 3000 778 3079 pallidus
792 3001 875 3081 Ajax
914 3032 917 3036 ·
1109 3019 1154 3063 115

151 3098 299 3159 Dicturus
315 3098 408 3158 dubia
423 3118 479 3177 pro
493 3098 635 3157 libertate
650 3097 787 3158 bubulco

151 3193 173 3254 J
174 3193 274 3258 udice.
312 3193 435 3274 Rumpe
450 3194 542 3254 miser
556 3203 679 3254 tensum
689 3194 786 3272 jecur,
801 3204 836 3255 ut
850 3195 908 3256 tibi
922 3195 1002 3257 lasso

152 3291 305 3372 Figantur
318 3291 432 3351 virides
447 3292 597 3350 scalarum
611 3290 710 3370 gloria
724 3292 853 3370 palmae.

153 3387 245 3459 Quod
260 3387 345 3448 vocis
359 3387 516 3467 pretium?
537 3386 634 3446 siccus
648 3389 866 3466 petasunculus
881 3398 913 3449 et
927 3409 981 3449 vas

152 3482 366 3563 Pelamydum‚
383 3493 436 3544 aut
449 3493 570 3543 veteres
583 3483 730 3544 Afrorum
745 3484 896 3562 epimenia
909 3486 1003 3560 bulbi,
1109 3501 1155 3548 120

153 3579 219 3642 Aut
233 3581 341 3642 vinum
354 3579 459 3640 Tiberi
473 3579 646 3654 devectum,
661 3579 794 3660 quinque
809 3582 946 3662 lagenae,
