2646 4170
453 391 462 404 ’
540 399 677 448 sanna
698 401 776 450 XIV.

176 567 281 640 Quum
294 567 386 628 facias
400 566 506 647 pejora
519 587 623 642 senex,
636 587 828 648 vacuumque
843 569 968 631 cerebro

173 665 194 726 J
196 685 246 725 am
259 665 379 744 pridem
394 674 486 745 caput
501 665 560 726 hoc
575 675 704 725 ventosa
718 665 877 726 cucurbita
891 671 1041 746 quaerat?

215 760 348 840 Hospite
363 773 494 821 venturo
508 761 639 822 cessabit
653 782 744 822 nemo
759 770 892 822 tuorum.

175 858 302 917 “Verre
317 858 538 937 pavimentum,
554 855 812 920 nitidas-ostende
827 861 993 940 columnas,
1150 879 1181 926 60

174 954 275 1015 Arida
289 974 361 1014 oum
374 962 441 1014 tota
456 954 626 1015 descendat
640 973 751 1015 aranea
765 957 847 1034 tela3

175 1052 237 1113 Hic
251 1052 320 1112 leve
336 1060 507 1133 argentum,
521 1071 595 1111 vasa
610 1071 717 1131 aspera
730 1063 851 1136 tergeat
866 1057 969 1134 alter,”

142 1226 146 1233 Ι
174 1150 249 1211 Vox
263 1148 380 1209 domini
393 1148 468 1208 furit
482 1148 626 1209 instantis
641 1150 822 1234 virgamque
836 1149 979 1217 tenentis.

175 1248 261 1328 Ergo
275 1249 367 1309 miser
381 1249 518 1329 trepidas
533 1270 571 1310 ue
586 1261 721 1312 stercore
735 1253 825 1313 foeda
840 1253 949 1314 canino

176 1345 267 1407 Atria
282 1345 465 1426 displiceant
480 1347 577 1408 oculis
591 1348 744 1409 venientis
759 1349 857 1424 amici,

175 1442 244 1504 Neo
258 1443 380 1522 perfusa
393 1443 461 1502 luto
476 1444 516 1504 sit
530 1445 675 1524 porticus,
692 1447 738 1524 (et
751 1455 855 1506 tamen
871 1466 933 1506 uno

177 1540 324 1600 Sernodio
338 1540 438 1601 scobis
452 1542 687 1622 haecgemendat
701 1543 839 1604 servulus
852 1546 956 1623 unua)

175 1636 260 1698 Illud
274 1659 336 1698 non
352 1638 450 1718 agitas
465 1648 500 1698 ut
514 1649 653 1699 sanctam
665 1640 745 1700 filius
760 1641 844 1700 omni

176 1736 318 1815 Aspiciat
332 1736 397 1796 sine
412 1735 480 1796 labe
496 1735 622 1796 domum
638 1737 774 1817 vitioque
789 1747 953 1798 carentem.

176 1830 308 1894 Gratum
322 1843 369 1894 est
385 1833 469 1912 quod
483 1832 601 1911 patriae
616 1833 714 1893 civem
728 1836 904 1913 populoque
919 1832 1032 1895 dedisti
1153 1847 1183 1892 ιο

179 1931 212 1991 Si
225 1917 304 1990 facis
314 1939 349 1990 ut
362 1929 481 2009 patriae
496 1929 537 1990 sit
551 1929 689 2003 idoneus,
705 1930 787 1990 utilis
802 1931 891 2012 agris,

158 2013 161 2017 ¹
176 2027 275 2089 Utilis
289 2036 321 2087 et
334 2027 486 2087 bellorum
501 2035 533 2086 et
546 2025 631 2106 paeis
644 2027 735 2086 rebus
749 2027 886 2107 agendis.

177 2118 352 2182 Plurimum
365 2121 448 2182 enim
462 2121 603 2181 intererit
617 2121 729 2201 quibus
750 2122 867 2194 artibus
882 2130 914 2183 et
928 2121 1039 2202 quibus
1052 2121 1135 2182 hunc
1148 2130 1184 2180 tu

177 2217 316 2277 Moribus
330 2216 483 2277 instituas.
525 2216 675 2296 Serpente
690 2215 807 2276 ciconia
821 2217 921 2295 pullos

177 2313 288 2374 Nutrit
303 2323 335 2375 et
348 2314 476 2374 inventa
489 2333 545 2393 per
558 2313 649 2372 devia
662 2332 733 2372 rura
747 2314 879 2387 lacerta3
1151 2328 1182 2374 75

177 2410 230 2471 Illi
244 2412 353 2472 eadem
367 2410 498 2492 sumptis
513 2418 665 2491 quaerunt
680 2409 822 2469 animalia
836 2408 947 2489 pinnis.

177 2508 295 2570 Vultur
310 2509 454 2589 jumento
469 2516 501 2568 et
516 2507 642 2568 canibus
657 2507 857 2586 crucibusque
872 2505 986 2568 relictis

177 2606 232 2666 Ad
246 2607 327 2667 fetus
340 2615 486 2687 properat
500 2615 682 2686 partemque
697 2603 853 2664 cadaveris
868 2604 964 2664 affert.

178 2703 240 2764 Hie
255 2713 301 2764 est
316 2724 389 2784 ergo
404 2703 490 2768 cibus
503 2702 608 2783 magni
623 2720 745 2782 quoque
759 2700 891 2761 vulturis
906 2708 937 2761 et
952 2719 984 2760 se

178 2800 347 2876 Pascentis‚
361 2801 594 2882 propriaquum
610 2800 678 2879 jam
692 2796 766 2858 facit
780 2796 887 2857 arbore
901 2796 999 2858 nidos.
1153 2811 1184 2858 80

179 2897 241 2957 Sed
256 2899 394 2978 leporem
408 2906 461 2957 aut
476 2917 617 2976 capream
630 2894 763 2955 famulae
777 2893 798 2953 J
800 2893 866 2954 ovis
880 2902 912 2954 et
925 2912 1091 2975 generosae

177 2993 216 3055 In
231 2996 311 3056 saltu
326 3005 479 3057 venantur
492 3013 583 3069 aves;
603 2993 676 3054 hinc
689 2991 804 3074 praeda
818 2991 912 3052 cubili

177 3090 329 3168 Ponitur:
345 3078 422 3150 ¹inde
437 3100 550 3165 autem,
564 3110 659 3170 quum
674 3111 706 3151 se
720 3100 842 3150 matura
856 3089 973 3150 levabit

179 3187 348 3268 Progenies
362 3187 540 3248 stimulante
554 3187 643 3261 fame,
656 3186 784 3248 festinat
798 3187 838 3246 ad
852 3186 936 3246 illam

180 3282 281 3356 Quam
295 3284 430 3364 primum
443 3284 588 3364 praedam
602 3293 694 3362 rupto
707 3293 889 3364 gustaverat
903 3303 971 3344 ovc.
1070 3332 1074 3342 ,
1153 3295 1183 3341 85

130 3429 132 3434 ,
219 3380 410 3441 Aedificator
424 3389 489 3440 erat
505 3380 676 3454 Cetronius,
690 3389 722 3440 et
736 3379 829 3440 modo
845 3399 939 3442 curvo

179 3477 285 3538 Litore
300 3477 434 3551 Caietae,
449 3495 569 3536 summa
582 3495 664 3536 nunc
678 3475 894 3550 Tiburisarce,

178 3575 274 3635 Nunc
288 3573 496 3634 Praenestinis
510 3572 542 3631 in
556 3572 713 3632 montibus
728 3573 792 3632 alta
804 3573 933 3652 parabat

674 3687 689 3734 6
