2646 4170
195 390 237 456 88
514 409 669 457 1).JUN11
689 407 901 457 Juvnuanrs

193 573 318 635 Grande
334 592 444 652 operae
459 574 593 653 pretium
607 583 654 635 est
667 583 703 635 ut
717 583 806 636 tenso
820 574 892 636 folle
905 574 1020 635 reverti

193 671 272 731 Inde
287 671 414 731 domum
428 671 535 750 possis,
548 671 728 751 tumidaque
742 672 891 751 superbus
905 671 989 732 aluta

193 767 310 828 Oceani
324 775 462 828 monstra
475 776 507 827 et
522 767 654 846 juvenes
669 767 782 828 vidisse
796 767 939 828 marinos.

193 865 267 926 Non
282 884 361 926 unus
375 872 494 924 mentes
509 864 608 943 agitat
621 864 714 924 furor.
756 864 813 924 Ille
828 864 939 925 sororis

193 963 230 1020 In
244 961 385 1020 manibus
399 960 489 1020 vultu
502 958 711 1020 Eumenidum
725 968 859 1021 terretur
872 971 904 1020 et
918 959 992 1040 igni,
1148 976 1196 1022 285

192 1057 254 1117 Hic
267 1058 347 1117 bove
361 1076 504 1137 percusso
518 1056 638 1136 mugire
654 1055 890 1135 Agamemnona
904 1055 1003 1117 credit

191 1155 260 1216 Aut
274 1155 425 1215 Ithacum.
465 1152 579 1214 Parcet
593 1153 706 1214 tunicis
720 1153 793 1214 licet
808 1163 899 1233 atque
914 1153 1052 1229 lacernis,

193 1251 350 1312 Curatoris
364 1258 436 1330 eget
450 1250 501 1330 qui
515 1269 628 1311 navem
643 1249 795 1309 mercibus
809 1249 918 1328 implet

115 1397 117 1400 .
191 1348 244 1406 Ad
259 1367 411 1407 summum
425 1348 505 1408 latus
521 1357 553 1407 et
567 1346 674 1408 tabula
688 1345 890 1424 distinguitur
903 1346 996 1420 unda,

192 1443 296 1515 Quum
310 1444 350 1503 sit
364 1463 456 1504 causa
468 1444 541 1504 mali
555 1443 635 1504 tanti
650 1450 683 1503 et
698 1442 880 1502 discriminis
894 1442 985 1522 hujus

192 1541 357 1603 Concisum
371 1549 533 1620 argentum
548 1525 579 1602 in
594 1540 703 1600 titulos
718 1538 871 1617 faciesque
886 1539 1029 1601 minutas.

153 1666 160 1680 ·
191 1636 366 1697 Occurrunt
380 1637 476 1697 nubes
491 1644 524 1697 et
536 1637 676 1716 fulgura3
697 1635 845 1697 “Solvite
860 1633 990 1710 funem,”

190 1733 352 1795 Frumenti
366 1734 508 1794 dominus
522 1734 635 1794 clamat
648 1733 800 1814 piperisve
816 1733 969 1812 coempti;

190 1831 273 1890 “Nil
288 1831 372 1892 color
385 1831 435 1890 bic
448 1831 532 1904 caeli,
546 1831 589 1890 nil
603 1831 697 1891 fascia
712 1830 800 1910 nigra
812 1819 968 1904 minatur3

105 1939 110 1951 ’
189 1927 354 1988 Aestivum
369 1926 484 1988 tonat.”
525 1927 637 1988 Infelix
651 1929 709 1988 hac
724 1927 850 1988 forsitan
866 1926 933 2007 ipsa

190 2023 293 2084 Nocte
307 2025 398 2084 cadet
411 2023 515 2085 fractis
529 2025 674 2098 trabibus,
689 2025 846 2104 fluctuque
861 2032 1019 2104 premetur

189 2120 327 2181 Obrutus
342 2130 373 2181 et
387 2140 493 2180 zonam
508 2121 597 2181 laeva
610 2141 774 2201 morsuque
788 2121 917 2182 tenebit.

191 2217 253 2276 Sed
268 2219 354 2297 cujus
368 2217 450 2278 votis
464 2219 557 2278 modo
573 2237 634 2278 non
649 2218 811 2279 suffecerat
826 2237 935 2280 aurum

190 2313 283 2385 Quod
297 2317 400 2394 Tagus
415 2323 447 2374 et
459 2315 552 2374 rutila
566 2315 665 2375 volvit
679 2315 827 2376 Pactolus
842 2335 944 2393 arena,

188 2409 317 2490 Frigida
331 2410 480 2471 sufficient
494 2410 632 2471 velantes
646 2411 775 2492 inguina
789 2414 884 2491 panni

188 2506 388 2588 Exiguusque
403 2508 497 2581 cibus,
512 2527 611 2567 mersa
625 2517 691 2568 rate
707 2509 873 2590 naufragus
889 2530 987 2574 assem

188 2604 272 2664 Dum
287 2614 376 2686 rogat
392 2614 423 2665 et
436 2605 520 2684 picta
535 2624 567 2665 se
581 2614 766 2686 tempestate
781 2616 895 2669 tuetur.

228 2699 337 2761 Tantis
350 2712 439 2781 parta
451 2701 539 2761 malis
553 2721 626 2762 cura
640 2703 756 2783 majore
772 2714 919 2786 metuque

189 2797 365 2858 Servantur.
406 2796 519 2857 Misera
533 2807 581 2859 est
595 2801 700 2881 magni
715 2803 856 2862 custodia
871 2823 989 2865 census.

188 2892 353 2972 Dispositis
366 2894 526 2973 praedives
540 2897 639 2958 hamis
654 2899 781 2980 vigilare
796 2901 957 2977 eohortem

188 2989 353 3049 Servorum
368 2999 462 3050 noctu
476 2990 600 3054 Licinus
617 2995 717 3075 jubet,
733 2997 883 3057 attonitus
897 2986 954 3077 pro
1057 3015 1059 3022 ’

186 3085 311 3146 Electro
324 3085 479 3168 signisque
495 3089 557 3151 suis
572 3091 771 3172 Phrygiaque
786 3094 929 3153 columna

183 3184 291 3262 'Atque
306 3183 397 3245 ebore
412 3195 445 3247 et
459 3186 523 3247 lata
533 3187 699 3248 testudine.
741 3189 834 3250 Dolia
847 3190 923 3250 nudi

184 3279 217 3338 N
218 3299 258 3339 on
272 3281 382 3342 ardent
399 3281 525 3364 Cynici:
546 3282 571 3343 si
585 3283 720 3363 fregeris,
735 3285 832 3345 altera
845 3286 900 3346 fiet

185 3377 259 3436 Cras
274 3377 393 3453 domus,
408 3387 462 3439 aut
476 3378 585 3438 eadem
599 3380 726 3458 plumbo
741 3383 902 3443 commissa
916 3382 1062 3446 manebit.

184 3472 288 3534 Sensit
303 3474 491 3549 Alexander,
506 3483 589 3535 testa
603 3494 698 3554 quum
711 3477 792 3538 vidit
805 3478 838 3537 in
852 3479 906 3538 illa

183 3568 334 3650 Magnum
348 3571 564 3646 habitatorem,
580 3582 696 3651 quanto
710 3572 827 3634 felicior
841 3576 890 3636 hic
905 3575 957 3655 qui
