2622 4168
158 391 201 458 48
456 397 493 455 15.
516 406 620 455 suun
640 406 847 455 Juvnsanrs

158 574 320 650 Invidiae3
340 573 454 654 mergit
468 575 563 654 longa
577 582 671 653 atque
686 572 815 653 insignis
829 575 982 634 honorum

159 672 295 752 Pagina3
317 672 510 732 descendunt
524 681 646 731 statuae
661 684 836 750 restemque
851 682 1030 752 sequuntur.

159 768 247 848 Ipsas
261 769 373 829 deinde
389 779 472 828 rotas
486 767 628 847 bigarum
641 767 778 848 impacta
791 769 906 828 securis

161 866 281 939 Caedit,
296 875 328 925 et
342 864 503 925 immeritis
518 864 703 944 franguntur
718 884 807 925 crura
820 865 954 926 caballis.
1134 875 1167 925 ed

159 962 181 1024 J
182 983 232 1022 am
246 962 381 1022 stridunt
398 961 495 1041 ignes,
506 961 573 1041 jam
589 961 712 1022 follibus
729 972 821 1042 atque
837 962 965 1024 caminis

160 1060 262 1119 Ardet
276 1059 438 1119 adoratum
452 1059 568 1138 populo
584 1069 686 1138 caput,
701 1069 733 1119 et
747 1069 853 1140 crepat
866 1061 975 1140 ingens

162 1155 308 1234 Sejanus:
328 1155 441 1215 deinde
456 1174 495 1214 ex
509 1154 586 1216 facie
601 1165 670 1216 toto
685 1157 759 1218 orbe
774 1158 908 1218 secunda

161 1252 258 1312 Fiunt
272 1252 394 1326 urceoli,
409 1253 523 1331 pelves,
538 1261 670 1333 sartago,
684 1256 826 1334 patellae.
887 1289 889 1294 ·

161 1350 249 1411 Pone
264 1349 349 1408 domi
362 1349 473 1422 lauros,
488 1349 549 1410 duo
562 1350 595 1409 in
611 1350 765 1430 Capitolia
778 1370 926 1431 magnum
1135 1363 1166 1406 oa

164 1448 386 1525 Cretatumque
400 1445 533 1505 bovem:
555 1445 685 1527 Sejanus
701 1447 825 1508 ducitur
838 1467 917 1508 unco
1130 1437 1132 1444 ¹

163 1543 373 1625 spectandus:
394 1543 533 1621 gaudent
548 1563 662 1604 omnes.
704 1544 822 1620 “Quae
836 1543 938 1604 labra!
961 1542 1028 1623 quis
1042 1540 1087 1601 illi

162 1641 279 1701 Vultus
294 1639 377 1700 erati
400 1659 566 1720 nunquam,
581 1640 696 1720 siquid
711 1641 788 1701 mihi
801 1641 908 1714 credis,
923 1639 1024 1700 amavi

163 1737 257 1798 Hunc
272 1737 446 1811 hominem3
468 1738 522 1798 sed
538 1757 599 1818 quo
614 1737 726 1798 cecidit
740 1738 797 1797 sub
812 1738 962 1798 crimine?
983 1739 1122 1819 quisnam

164 1835 317 1896 Delator?
342 1834 453 1914 quibus
467 1833 598 1908 indiciis,
612 1854 674 1913 quo
685 1843 766 1894 teste
780 1835 947 1914 probavit?
958 1834 974 1864 ”
1137 1852 1167 1899 70

164 1932 247 1992 “Nil
261 1932 390 1992 horum:
411 1931 542 1991 verbosa
556 1939 588 1992 et
601 1931 728 2010 grandis
742 1930 872 2012 epistola
885 1932 972 1992 venit

162 2029 195 2090 A
211 2027 363 2110 Capreis.”
399 2027 514 2088 “Bene
528 2028 640 2104 habet;
660 2027 706 2088 nil
719 2028 788 2110 plus
801 2027 984 2109 interrogo.”
1019 2029 1081 2091 Sed
1093 2030 1169 2110 quid

164 2127 270 2188 Turba
284 2125 400 2187 Remi?
442 2124 588 2205 Sequitur
602 2125 757 2185 fortunam
772 2133 808 2185 ut
822 2145 950 2205 semper,
965 2134 997 2188 et
1011 2127 1078 2188 odit
1167 2165 1178 2184 .

163 2225 346 2284 Damnatos.
386 2221 476 2298 Idem
491 2223 632 2302 populus,
647 2222 672 2282 si
687 2221 801 2282 Nuntia
815 2221 917 2283 Tusco

164 2322 315 2395 Favisset,
331 2321 357 2381 si
372 2339 517 2400 oppressa
530 2318 611 2379 foret
625 2339 732 2380 secura
746 2327 887 2379 senectus
1138 2336 1169 2382 75

165 2419 327 2499 Principis,
343 2417 401 2477 hac
414 2417 480 2496 ipsa
496 2415 643 2495 Sejanum
658 2415 776 2475 diceret
790 2416 866 2474 hora

164 2516 353 2596 Augustum.
392 2513 414 2575 J
415 2533 465 2574 am
479 2513 608 2593 pridem,
625 2532 663 2572 ex
678 2531 739 2592 quo
754 2512 897 2591 suffiagia
909 2511 986 2595 nulli

166 2612 350 2685 Vendimus,
366 2610 475 2670 effudit
489 2629 586 2670 curas.
627 2609 711 2668 Nam
726 2608 779 2689 qui
793 2608 888 2668 dabat
901 2609 975 2670 olim

166 2709 344 2789 Imperium,
358 2707 463 2778 fasces,
478 2706 625 2786 legiones,
637 2705 748 2779 omnia,
764 2724 845 2765 nunc
860 2724 892 2765 se

168 2805 316 2869 Continet
331 2813 423 2882 atque
439 2803 516 2862 duas
531 2811 653 2863 tantum
668 2823 717 2863 res
732 2801 840 2862 anxius
854 2810 951 2882 optat,
1140 2818 1172 2863 80

167 2903 286 2964 Panem
300 2909 333 2961 et
348 2899 516 2961 Circenses.
558 2899 746 2960 “Perituros
765 2899 858 2958 audio
872 2897 1011 2960 multos.’'

167 2999 248 3059 “Nil
263 2997 408 3058 dubium:
431 3015 544 3076 magna
558 3006 605 3058 est
619 2997 795 3057 fornacula:
817 2996 983 3076 pallidulus
997 2995 1039 3057 mi

168 3095 331 3158 Brutidius
345 3112 432 3154 meus
447 3093 488 3153 ad
501 3091 612 3154 Martis
626 3092 686 3154 fuit
701 3093 810 3154 obvius
825 3113 918 3153 aram.

169 3193 272 3266 Quam
287 3191 382 3251 timeo
397 3190 498 3250 victus
512 3208 552 3250 ne
565 3209 680 3268 poenas
696 3190 801 3270 exigat
815 3191 898 3269 Ajax

169 3288 218 3350 Ut
232 3287 312 3348 male
327 3286 479 3347 defensus.
521 3285 687 3346 Curramus
702 3286 885 3365 praecipites
900 3295 932 3347 et
1142 3301 1175 3346 85

169 3384 254 3445 Dum
264 3384 352 3463 jacet
366 3382 397 3442 in
411 3381 479 3463 ripa
492 3382 644 3442 calcemus
659 3381 797 3442 Caesaris
812 3383 943 3442 hostem.

171 3480 233 3541 Sed
248 3480 376 3541 videant
390 3477 480 3554 servi,
495 3497 535 3538 ne
549 3476 617 3556 quis
631 3487 726 3557 neget
740 3486 773 3538 et
786 3478 936 3558 pavidum
949 3479 981 3539 in
991 3477 1043 3558 jus

171 3577 300 3639 Cerrice
314 3575 462 3637 obstricta
475 3572 635 3634 dominum
648 3573 777 3634 trahat.”
820 3573 864 3634 Hi
878 3593 1034 3640 sermones
