2622 4168
546 395 683 446 surina
708 397 743 446 v.
1103 379 1145 445 25
1185 447 1187 452 ,
1229 411 1231 414 -

141 567 195 644 Et,
209 586 248 628 ne
262 575 294 628 te
308 574 441 639 teneam,
455 563 667 626 Romanorum
682 563 785 624 omnia
798 583 907 644 regum

140 664 275 725 Frivola.
318 661 410 734 Quod
427 681 523 740 quum
537 660 580 720 ita
595 660 645 735 sit,
660 668 696 720 tu
710 661 876 722 Gaetulum
892 660 1106 740 Ganymedem

140 760 272 841 Respice
288 780 384 841 quum
398 758 492 819 sities.
532 757 643 818 Nescit
658 766 706 818 tot
720 758 856 819 millibus
870 768 992 837 emptus
1112 773 1144 821 60

141 859 332 939 Pauperibus
346 858 474 918 miscere
487 875 582 936 puer:
603 855 658 915 sed
672 857 779 930 forma,
794 855 847 916 sed
863 863 947 916 aetas

139 956 429 1038 Dignasupercilio.
471 952 606 1024 Quando
621 953 661 1012 ad
675 962 708 1014 te
722 953 863 1032 pervenit
877 953 953 1014 ille?

140 1054 273 1126 Quando
289 1063 415 1114 vocatus
430 1053 519 1113 adest
534 1051 651 1111 calidae
665 1051 847 1130 gelidaeque
861 1051 1024 1112 minister?

139 1152 263 1232 Quippe
276 1151 460 1231 indignatur·
473 1150 572 1210 veteri
587 1168 694 1229 parere
709 1147 823 1222 clienti,

139 1248 293 1328 Quodque
308 1249 421 1328 aliquid
437 1268 546 1328 poscas
561 1258 592 1308 et
607 1246 691 1327 quod
706 1265 738 1306 se
753 1255 854 1306 stante
869 1246 1037 1324 recumbas.
1111 1260 1142 1307 tt

136 1345 275 1405 Maxima
289 1366 427 1426 quaeque
442 1347 553 1406 domus
568 1345 665 1405 servis
680 1353 726 1404 est
739 1344 832 1423 plena
846 1343 992 1424 superbis.

136 1442 218 1504 Ecce
234 1443 310 1504 alius
324 1453 439 1523 quanto
453 1443 590 1523 porrexit
606 1461 762 1502 murmure
777 1461 888 1521 panem

136 1539 201 1600 Vix
214 1541 355 1615 fractum,
369 1540 485 1601 solidae
497 1541 565 1620 jam
579 1540 704 1600 mucida
719 1540 813 1599 frusta
828 1539 950 1613 tarinae,

136 1637 224 1711 Quae
238 1638 406 1717 genuinum
421 1637 540 1718 agitent
554 1657 616 1697 nou
634 1636 831 1697 admittentia
845 1655 999 1696 morsum:

135 1735 197 1795 Sed
212 1746 299 1812 tener
312 1744 344 1796 et
358 1735 465 1795 niveus
479 1735 625 1813 mollique
640 1733 762 1814 siligine
776 1733 876 1792 faetus
1109 1746 1140 1794 70

135 1831 284 1892 Servatur
298 1831 433 1892 domino.
474 1831 626 1893 Dextram
643 1832 784 1892 cohibere
799 1839 971 1891 memento:

64 1942 69 1948 ·
134 1927 227 1989 Salva
241 1928 281 1988 sit
296 1937 435 2007 artoptae
450 1929 632 1989 reverentia.
675 1927 774 2008 Finge
788 1938 893 1988 tamen
907 1937 939 1988 te

132 2024 354 2103 Improbulum,
370 2033 508 2104 superest
521 2025 585 2084 illic
600 2025 653 2104 qui
667 2045 781 2105 ponere
796 2035 897 2106 cogat.

132 2128 150 2159 “
159 2121 218 2182 Vis
231 2131 268 2181 tu
283 2122 436 2184 consuetis
452 2121 553 2182 audax
568 2123 701 2182 conviva
716 2123 855 2184 canistris

131 2217 257 2297 Impleri
272 2219 418 2298 panisque
434 2218 480 2278 tui
494 2218 616 2280 novisse
632 2221 791 2280 colorem?
803 2219 861 2266 ”—

124 2321 149 2396 ·“
160 2315 285 2376 Scilicet
298 2317 358 2376 hoc
371 2315 470 2375 fuerat
484 2326 612 2396 propter
626 2319 709 2396 quod
724 2337 815 2399 saepe
829 2319 938 2380 relicta

131 2412 271 2492 Oonjuge
286 2432 341 2491 per
355 2421 492 2472 montem
508 2413 671 2473 adversum
686 2416 865 2496 gelidasque
881 2414 1000 2477 cucurri

128 2509 291 2588 Esquilias,
304 2508 448 2568 fremeret
463 2527 555 2570 saeva
571 2530 666 2590 quum
681 2507 832 2592 grandine
846 2533 958 2574 vernus

127 2606 150 2668 J
152 2607 273 2685 uppiter
287 2615 318 2666 et
333 2607 431 2666 multo
448 2607 579 2667 stillaret
594 2610 727 2688 paenula
742 2611 849 2672 nimbo
859 2611 867 2672 1
878 2609 936 2658 ”-

127 2703 242 2782 Aspice
258 2722 350 2782 quam
363 2703 456 2782 longo
472 2703 631 2766 distendat
646 2718 771 2787 pectore
786 2709 905 2770 lancem
1102 2722 1134 2770 80

128 2797 217 2869 Quae
230 2798 327 2859 fertur
340 2797 466 2858 domino
481 2799 599 2879 squilla,
617 2810 649 2863 et
664 2803 775 2883 quibus
789 2805 925 2885 undique
939 2814 1027 2884 septa

126 2895 304 2973 Asparagis,
318 2913 379 2974 qua
393 2895 542 2975 despiciat
558 2900 703 2961 convivia
717 2902 815 2962 cauda

127 2990 233 3062 Quum
248 2992 333 3052 venit
348 2993 461 3054 excelsi
477 2997 619 3058 manibus
634 2999 755 3058 sublata
768 2999 908 3062 ministri.

127 3088 191 3150 Sed
205 3087 262 3149 tibi
276 3089 403 3150 dimidio
419 3094 604 3154 constrictus
619 3113 791 3157 cammarus
805 3116 865 3170 ovo

126 3185 266 3260 Ponitur,
282 3186 392 3266 exigua
407 3188 510 3250 feralis
525 3210 621 3250 coena
634 3193 759 3270 patella.
860 3239 863 3243 -

125 3280 197 3360 Ipse
211 3280 389 3344 Venafrano
404 3284 520 3364 piscem
534 3285 709 3365 perfundit:
729 3296 762 3347 at
775 3288 826 3348 bie
840 3287 892 3367 qui

126 3375 265 3438 Pallidus
282 3378 407 3440 affertur
421 3381 532 3442 misero
547 3381 606 3442 tibi
620 3383 715 3444 caulis
729 3383 825 3445 olebit

124 3473 311 3535 Laternam:
332 3477 408 3536 illud
424 3477 507 3537 enim
523 3479 633 3539 vestris
648 3480 740 3540 datur
753 3480 879 3542 alveolis
894 3482 977 3561 quod

125 3571 235 3633 Canna
248 3571 446 3651 Micipsarum
461 3593 552 3654 prora
566 3575 710 3638 subvexit
725 3587 824 3652 acuta,
