2622 4168
203 397 246 462 40
335 405 336 410 ’
509 414 546 460 n.
568 411 672 460 sunu
693 409 899 460 Juvnnnms

203 580 281 641 Ossa
295 579 383 641 vides
396 599 505 660 regum
519 577 624 639 vacuis
639 585 767 638 exsucta
779 578 934 653 medullis.
1046 660 1050 664 .
1120 581 1122 586 ’
1176 593 1208 641 90

201 677 334 758 Respice
349 677 585 758 quidmoneant
599 674 693 755 leges,
708 674 781 754 quid
798 675 883 736 curia
895 676 1032 751 mandet,

201 775 343 836 Praemia
358 782 473 855 quanta
487 767 585 833 bonos
598 771 755 858 maneant,
770 792 862 852 quam
875 773 1003 833 fulmine
1018 771 1105 853 justo

200 872 245 934 Et
259 873 369 953 Capito
384 881 415 933 et
430 871 579 931 Numitor
593 869 712 930 ruerint
726 869 894 930 damnante
909 870 1034 946 Senatu,

201 969 324 1030 Piratae
340 969 478 1033 Cilicum.
520 967 583 1028 Sed
598 965 673 1046 quid
689 966 846 1028 damnatio
861 968 987 1054 confert,

201 1066 306 1138 Quum
319 1067 422 1128 Pansa
436 1066 546 1146 eripiat
562 1063 713 1144 quidquid
727 1063 785 1124 tibi
799 1062 899 1124 Natta
912 1063 1060 1143 reliquit?
1172 1080 1204 1126 95

199 1164 398 1239 Praeconem,
414 1163 595 1243 Chaerippe,
610 1162 673 1222 tuis
687 1161 885 1240 circumspice
898 1161 1016 1241 pannis,

197 1261 330 1341 Jamque
344 1271 429 1322 tace:
449 1261 535 1321 furor
548 1267 596 1320 est
610 1268 683 1340 post
697 1259 800 1319 omnia
813 1258 941 1338 perdere
955 1257 1089 1319 naulum.

198 1356 272 1418 Non
285 1358 368 1418 idem
382 1358 517 1438 gemitus
531 1357 605 1416 olim
620 1376 721 1436 neque
735 1357 848 1416 vulnus
862 1363 927 1414 erat
941 1373 996 1434 par

197 1453 391 1514 Damnorum
404 1454 493 1514 sociis
507 1453 688 1514 florentibus
703 1461 737 1513 et
749 1452 842 1512 modo
856 1451 955 1512 victis.

197 1549 296 1611 Plena
310 1550 420 1612 domus
433 1559 508 1610 tunc
522 1550 631 1623 omnis,
646 1559 679 1610 et
691 1549 801 1630 ingens
815 1548 918 1609 stabat
932 1567 1059 1608 acervus
1154 1563 1202 1612 100
1294 1613 1297 1618 ,

196 1646 411 1722 Nummorum,
427 1647 580 1727 Spartana
595 1647 742 1725 chlamys,
757 1645 918 1725 conchylia
933 1645 1006 1719 coa,
1164 1655 1165 1658 ’

196 1743 239 1803 Et
253 1765 323 1805 oum
338 1743 492 1804 Parrhasii
506 1743 621 1804 tabulis
635 1743 791 1822 signisque
804 1741 944 1821 Myronis

195 1839 518 1924 Phidiacumlvivebat
533 1840 626 1913 ebur3
648 1859 706 1899 nec
721 1858 783 1898 nou
797 1838 952 1918 Polycleti

195 1937 313 1998 Multus
327 1937 440 2017 ubique
454 1937 558 2013 labor;
578 1955 665 1996 rarae
680 1936 745 1996 sine
760 1926 1049 1998 Mentoremensae.

194 2033 272 2094 Inde
287 2033 449 2094 Dolabella
463 2042 510 2095 est
524 2042 617 2113 atque
630 2034 703 2093 hino
713 2032 878 2107 Antonius,
893 2033 966 2094 inde
1127 2107 1134 2116 ἱ
1152 2049 1199 2095 105

195 2131 367 2210 Sacrilegus
382 2129 512 2190 Verres:
534 2130 708 2190 referebant
723 2129 852 2190 navibus
868 2130 938 2190 altis

193 2227 325 2288 Occulta
339 2227 436 2306 spolia
449 2237 482 2288 et
494 2227 598 2307 plures
613 2227 652 2286 de
666 2245 743 2306 pace
758 2227 939 2306 triumphos.

192 2324 286 2385 Nunc
300 2323 388 2386 sociis
404 2325 482 2404 juga
494 2343 593 2404 pauca
606 2324 709 2398 boum,
723 2343 800 2404 grex
813 2344 926 2403 parvus
941 2343 1088 2406 equarum

192 2421 235 2480 Et
249 2430 337 2502 pater
351 2421 482 2490 amnenti
496 2429 587 2500 capto
603 2419 750 2500 eripietur
764 2421 884 2500 agello;

191 2518 255 2597 Ipsi
270 2518 382 2579 deiude
397 2517 498 2592 Lares,
514 2517 636 2597 siquod
652 2518 818 2597 spectabile
834 2519 964 2599 signum,

193 2615 226 2676 si
240 2616 308 2694 quis
322 2615 354 2676 in
370 2616 509 2676 aedicula
523 2615 599 2675 deus
613 2615 731 2675 unicus.
772 2614 861 2677 Haeo
875 2616 990 2676 etenim
1004 2626 1077 2679 sunt
1118 2618 1121 2625 ’

191 2697 403 2794 Ρι·οέιιωιηὶε,
416 2731 489 2772 nam
502 2721 575 2772 sunt
588 2713 665 2772 haec
679 2713 820 2775 maxima
862 2713 1022 2794 Despicias
1037 2724 1073 2777 tu

191 2808 334 2867 Forsitan
349 2803 487 2868 imbelles
502 2808 643 2870 Rhodios
658 2820 847 2892 unctamque
863 2812 1064 2875 Corinthum:

190 2905 349 2984 Despicias
363 2905 482 2968 merito.
524 2907 610 2979 Quid
624 2897 758 2970 resinata
773 2910 923 2990 juventus

192 3003 348 3082 Cruraque
361 3003 458 3065 totius
473 3005 589 3067 facient
603 3008 661 3068 tibi
675 3007 757 3068 levia
770 3007 897 3087 gentis?

191 3098 326 3160 Horrida
339 3099 467 3161 vitanda
475 3112 529 3164 est
545 3101 703 3183 Hispania,
719 3104 855 3166 Gallicus
870 3106 936 3167 axis

189 3194 408 3278 Illyricumque
423 3200 522 3261 latus:
542 3219 634 3279 parce
648 3209 681 3262 et
694 3202 878 3262 messoribus
891 3203 961 3278 illis,
1018 3264 1020 3268 ,

190 3295 252 3367 Qui
267 3304 405 3357 saturant
421 3296 542 3359 Urbem
557 3296 647 3358 Circo
661 3317 830 3378 scenaeque
844 3309 1017 3360 vacantem.

190 3392 316 3464 Quanta
331 3403 435 3454 autern
447 3393 521 3454 inde
534 3394 613 3454 feres
627 3403 692 3454 tam
706 3394 791 3454 dirae
804 3396 941 3474 praemia
954 3397 1070 3477 culpae,

190 3488 295 3567 Quum
310 3499 419 3552 tenues
433 3511 532 3571 nuper
545 3489 662 3551 Marius
677 3483 856 3586 diqcinxerit
869 3492 988 3555 Afros?

190 3587 370 3648 Curandum
383 3587 533 3667 imprimis
547 3608 586 3648 ne
600 3606 713 3668 magna
726 3588 838 3669 injuria
851 3589 906 3651 fiat
