2646 4170
171 424 211 490 76
475 435 510 480 n.
534 431 637 480 sunu
658 425 865 478 Juvnnnnrs

169 606 332 671 Interdum
347 612 401 663 aut
415 600 535 661 levibus
548 598 654 657 videas
668 593 831 676 flagrantia
844 591 951 652 causis.

170 703 449 785 Quantulacunque
465 697 542 757 adeo
558 705 605 755 est
620 693 747 765 occasio,
763 689 872 751 suffieit
887 689 958 748 irae.

170 808 360 889 Chrysippus
374 819 436 859 non
451 796 534 855 dicet
554 793 639 853 idem
652 811 710 851 nec
723 790 798 849 mite
813 786 953 847 Thaletis

169 906 334 988 Ingenium
349 897 492 976 dulcique
507 911 601 952 senex
618 889 736 949 vicinus
752 886 913 966 Hymetto,
1125 895 1171 942 185

171 1005 233 1078 Qui
246 1012 365 1084 partem
380 1003 524 1076 acceptae
539 1007 631 1049 saeva
644 986 726 1045 inter
739 984 841 1043 vincla
855 982 974 1043 cicutae

170 1099 351 1163 Accusatori
365 1099 461 1158 nollet
473 1091 559 1176 dare.¹
598 1084 738 1144 Plurima
751 1081 826 1141 felix
997 1153 999 1157 Ι

161 1198 337 1262 Paullatim
351 1196 427 1256 vitia
442 1202 534 1272 atque
550 1203 666 1246 errores
681 1179 766 1241 exuit
780 1198 895 1254 omnes,
942 1217 944 1222 ,

170 1297 275 1356 Prima
290 1295 380 1354 docet
395 1302 514 1351 rectum
531 1283 706 1366 Sapientia3
728 1279 841 1360 quippe
855 1275 966 1337 minuti

158 1394 299 1474 §emper
313 1400 345 1451 et
359 1388 471 1449 infirmi
486 1396 533 1446 est
550 1384 644 1444 animi
660 1381 825 1461 exiguique
840 1379 983 1456 voluptas
1128 1386 1175 1435 190

170 1489 277 1562 Ulti03
298 1486 445 1547 continuo
460 1484 503 1545 sic
519 1471 639 1562 collige,
656 1480 740 1560 quod
755 1477 894 1539 vindicta

170 1587 272 1646 Nemo
287 1582 384 1663 magis
398 1582 514 1662 gaudet
529 1599 622 1661 quam
637 1578 758 1638 femina.
801 1577 865 1638 Our
878 1583 982 1635 tamen
996 1572 1053 1633 hos
1065 1579 1102 1632 tu

170 1681 313 1742 Evasisse
327 1690 418 1760 putes
432 1699 509 1759 quos
524 1678 583 1737 diri
598 1676 721 1737 conscia
734 1674 808 1736 facti

170 1781 260 1842 Mens
273 1779 367 1838 habet
383 1777 532 1838 attonitos
548 1784 580 1836 et
597 1777 689 1834 surdo
703 1775 831 1834 verbere
847 1771 956 1846 caedit,

171 1876 337 1937 Occultum
351 1875 511 1955 quatiente
527 1873 630 1933 animo
645 1871 763 1933 tortore
778 1870 960 1951 flagellum?
1129 1881 1175 1928 195

171 1973 278 2034 Poena
293 1983 397 2033 autern
412 1973 578 2031 vehemens
595 1990 630 2030 ao
645 1970 744 2030 multo
759 1969 878 2030 saevior
892 1968 960 2041 illis,

172 2069 257 2140 Quas
271 2076 303 2128 et
318 2066 481 2127 Caedicius
495 2065 599 2146 gravis
613 2065 735 2125 invenit
751 2074 805 2125 aut
819 2061 1084 2134 Rhadamanthus,

171 2164 275 2225 Nocte
290 2163 401 2243 dieque
416 2184 506 2224 suum
520 2172 642 2242 gestare
656 2161 688 2220 in
704 2171 829 2241 pectore
845 2170 966 2221 testem.

174 2262 327 2340 Spartano
343 2261 465 2321 cuidam
479 2259 641 2338 respondit
655 2258 772 2337 Pythia
787 2267 881 2331 vates,

173 2357 269 2417 Haud
282 2356 470 2436 impunitum
485 2356 642 2435 quondam
655 2355 729 2430 fore,
746 2356 828 2438 quod
844 2355 1000 2417 dubitaret
1129 2365 1177 2413 200

173 2454 361 2533 Depositum
375 2453 507 2513 retinere
522 2461 554 2512 et
567 2451 708 2512 fraudem
717 2453 788 2532 jure
803 2453 883 2513 tueri

173 2552 194 2612 J
196 2551 332 2610 urando:
355 2551 522 2630 quaerebat
537 2548 619 2608 enirn
634 2569 711 2628 quae
727 2549 861 2609 numinis
876 2559 957 2610 esset

174 2648 273 2720 Mens,
290 2655 322 2707 et
336 2667 375 2706 an
389 2648 449 2706 hoo
463 2645 509 2705 illi
522 2645 641 2706 facinus
655 2645 799 2706 suaderet
813 2647 937 2725 Apollo.

175 2743 327 2802 Reddidit
343 2762 417 2822 ergo
431 2752 518 2802 metu
532 2761 594 2801 non
610 2743 746 2802 moribus
758 2762 766 2816 ;
787 2752 938 2803 ettamen
954 2762 1078 2805 ornnem

174 2840 296 2899 Vocem
310 2839 397 2917 adyti
412 2839 540 2919 dignam
553 2839 672 2918 templo
686 2859 853 2919 veramque
867 2839 1010 2920 probavit
1129 2853 1179 2900 205

175 2934 356 2994 Exstinotus
370 2943 439 2995 tota
452 2936 569 3014 pariter
581 2955 652 2996 cum
666 2937 753 3015 prole
769 2936 922 3016 domoque
1163 2930 1168 2938 ’

175 3031 218 3091 Et
233 3032 376 3111 quamvis
389 3032 484 3111 longa
498 3033 639 3092 deductis
653 3042 747 3112 gente
761 3033 950 3113 propinquis.

176 3128 242 3188 Has
257 3130 375 3209 patitur
388 3149 504 3211 poenas
518 3130 666 3210 peccandi
687 3131 752 3190 sola
765 3131 918 3192 voluntas.

176 3226 260 3286 Nam
275 3227 374 3287 scelus
388 3228 470 3288 intra
484 3247 517 3288 se
531 3227 662 3288 taciturn
676 3228 729 3307 qui
743 3227 860 3307 cogitat
882 3228 978 3288 ullum
1082 3265 1087 3274 ·

176 3323 267 3385 Facti
282 3325 398 3386 crimen
412 3325 514 3385 habet.
556 3324 641 3387 Cedo
657 3324 682 3385 si
697 3335 808 3386 conata
821 3325 970 3406 peregit?
1132 3339 1180 3384 210

177 3422 333 3502 Perpetua
348 3422 487 3483 anxietas
500 3441 559 3483 nec
571 3442 696 3482 mensae
710 3429 849 3502 ternpore
864 3429 971 3496 cessat,

177 3517 333 3580 Faucibus
346 3528 382 3580 ut
395 3520 503 3579 morbo
518 3519 613 3592 siccis,
627 3519 769 3600 interque
789 3519 920 3580 molares
