2622 4168
156 371 199 437 24
453 393 488 438 n.
513 389 617 440 runrr
638 391 844 441 uuvnnmrs

152 553 263 634 Jurgia
276 557 462 637 proludunt:
482 559 536 618 sed
552 579 625 619 mox
640 565 673 619 et
686 559 798 638 pocula
811 566 937 639 torques
1004 645 1006 649 Ι
1087 579 1090 582 “
1158 533 1163 539 -

154 650 283 714 Saucius
297 662 329 713 et
342 654 434 713 rubra
448 655 589 734 deterges
604 654 732 714 vulnera
745 673 867 734 mappa,

152 748 240 809 Inter
253 769 309 810 vos
324 750 444 830 quoties
458 751 701 830 libertorumque
716 751 877 812 cohortem

152 844 265 926 Pugna
279 845 452 926 Saguntina
465 848 564 908 fervet
578 848 740 908 commissa
754 848 874 930 lagena.

152 941 223 1022 Ipse
238 943 381 1022 capillato
396 943 541 1004 diffusum
557 945 690 1007 Consule
704 954 795 1023 potat

153 1040 372 1119 Calcatamque
386 1049 473 1113 tenet
487 1041 575 1101 bellis
590 1041 753 1103 socialibus
767 1063 868 1119 uvam,
888 1042 891 1046 ’

153 1137 303 1199 darciaco
317 1157 475 1216 nunquam
490 1139 638 1217 cyathum
651 1139 799 1202 missurus
814 1141 920 1202 amico.

153 1237 227 1297 Cras
240 1235 327 1296 bibet
341 1233 472 1295 Albanis
486 1235 603 1314 aliquid
618 1237 657 1298 de
672 1238 829 1299 montibus
843 1247 897 1298 aut
911 1238 950 1298 de

153 1331 276 1406 Setinis,
290 1332 376 1410 cujus
389 1331 522 1411 patriam
536 1332 723 1414 titulumque
738 1345 880 1396 senectus

151 1429 279 1489 Delevit
293 1429 392 1488 multa
405 1428 520 1490 veteris
534 1427 663 1510 fuligine
677 1439 793 1505 testae,

152 1524 252 1596 Quale
267 1524 407 1586 coronati
421 1524 557 1585 Thrasea
571 1525 795 1606 Helvidiusque
809 1527 956 1588 bibebant

151 1621 320 1682 Brutorum
335 1629 367 1682 et
382 1621 468 1683 Cassi
482 1623 646 1684 natalibus.
687 1621 758 1702 Ipse
773 1643 900 1704 capaces

151 1719 319 1779 Heliadum
334 1728 453 1780 crustas
468 1728 500 1780 et
514 1719 689 1800 inaequales
702 1721 822 1800 beryllo

150 1815 244 1877 Virro
259 1825 347 1876 tenet
359 1815 495 1896 phialas:
516 1815 574 1876 tibi
588 1836 651 1876 non
666 1818 870 1879 committitur
884 1837 1011 1894 aurum;

150 1912 221 1987 Vel,
234 1913 262 1974 'si
277 1912 401 1993 quando
416 1913 516 1988 datur,
532 1923 635 1974 custos
651 1915 757 1975 affixus
771 1915 886 1975 ibidem
925 1920 929 1931 ’
1037 1961 1042 1966 .

152 2001 370 2081 Qui'numeret
383 2029 531 2090 gemmas,
546 2029 665 2090 ungues
680 2012 822 2072 observet
838 2022 953 2073 acutos.

151 2113 168 2143 ‘⁴
178 2106 228 2167 Da
241 2106 381 2167 veniam:
401 2109 558 2186 praeclara
571 2107 634 2168 illic
648 2108 792 2168 laudatur
806 2108 923 2188 iaspis.''

150 2203 234 2262 Nam
248 2203 351 2276 Virr0‚
366 2212 401 2265 ut
415 2204 514 2278 multi,
529 2223 666 2284 gemmas
680 2203 720 2264 ad
733 2205 844 2284 pocula
857 2205 1002 2266 transfert

150 2301 182 2358 A
196 2301 310 2380 digitis,
326 2320 401 2380 quas
415 2302 448 2366 iu
462 2301 593 2380 vaginae
606 2300 708 2362 fronte
722 2301 841 2360 solebat

150 2397 271 2458 Ponere
285 2398 428 2479 zelotypo
442 2398 567 2478 juvenis
580 2399 734 2477 praelatus
749 2397 865 2458 Iarbae.

151 2494 199 2554 Tu
212 2495 428 2557 Beneventani
443 2496 556 2557 sutoris
569 2515 681 2556 nomen
696 2496 862 2556 habentem

151 2591 286 2654 Siccabis
301 2594 428 2656 calicem
442 2613 586 2655 nasorum
602 2601 741 2673 quatuor,
758 2612 793 2652 ac
806 2593 872 2672 jam

66 2760 68 2765 ,
151 2688 338 2761 Quassatum
353 2701 385 2753 et
398 2702 491 2774 rupto
506 2698 686 2773 poscentem
700 2690 815 2750 sulfura
828 2691 918 2750 vitro.
1012 2719 1014 2722 ·

151 2785 185 2846 si
199 2791 375 2851 stomachus
390 2791 507 2852 domiui
521 2790 620 2850 fervet
635 2788 770 2866 vinoque
785 2787 922 2866 ciboque,

149 2872 307 2966 Frigidior
319 2886 436 2948 Geticis
449 2888 567 2968 petitur
582 2887 710 2946 decocta
723 2882 857 2963 pruinis:

150 2979 224 3042 Non
239 2983 347 3044 eadem
361 2984 449 3044 vobis
463 2984 537 3064 poni
551 2983 644 3045 modo
658 2982 732 3043 vina
748 2979 920 3059 querebar?
993 3038 996 3043 .

149 3077 218 3140 Vos
232 3081 322 3140 aliam
336 3082 452 3160 potatis
467 3099 585 3160 aquam.
627 3079 699 3140 Tibi
713 3078 825 3160 pocula
840 3096 945 3137 cursor

106 3221 108 3226 .
150 3175 300 3238 Gaetulus
315 3178 401 3238 dabit
416 3186 470 3238 aut
483 3177 564 3258 nigri
578 3197 685 3237 manus
701 3195 788 3236 ossea
803 3173 914 3248 Mauri,

149 3270 192 3332 Et
207 3274 256 3334 cui
269 3295 325 3355 per
338 3275 474 3335 mediana
485 3275 564 3335 nolis
579 3293 737 3335 occurrere
752 3283 875 3334 noctem

151 3369 292 3431 Olivosae
306 3372 426 3432 veheris
441 3372 514 3431 dum
528 3391 584 3451 per
597 3379 798 3431 monumenta
812 3368 951 3435 Latinae.
975 3435 977 3439 ,

150 3464 224 3526 Flos
238 3465 332 3527 Asiae
347 3477 419 3528 ante
433 3468 542 3548 ipsum,
556 3468 656 3547 pretio
670 3467 785 3546 majore
799 3459 932 3546 paratus

151 3560 254 3633 Quam
266 3562 325 3624 fuit
339 3572 371 3625 et
385 3563 469 3625 Tulli
483 3583 591 3625 census
604 3564 752 3645 pugnacis
766 3573 798 3624 et
812 3561 895 3624 Anci
