2622 4168
145 361 192 426 «60
455 377 490 423 n.
506 377 609 424 suun
631 375 836 424 auvnuAms

149 542 282 618 Persice,
295 563 358 604 non
372 552 527 623 praestem
540 541 606 602 vita
619 542 669 601 vel
683 540 821 602 moribus
835 551 867 601 et
881 561 924 616 re,

150 638 212 699 Sed
226 640 351 700 laudem
365 639 489 718 siliquas
504 638 641 699 occultus
655 657 764 717 ganeo,
779 639 881 717 pultes

149 737 262 797 Coram
276 736 343 796 aliis
357 736 472 796 dictem
486 755 581 815 puero
596 734 697 796 sedin
712 755 784 794 aure
799 735 966 814 placentae.

148 831 233 891 Nam
247 852 341 912 quum
356 832 395 892 sis
410 832 541 892 conviva
555 831 630 891 mihi
644 831 810 911 promissus
824 831 952 892 habebis

149 928 339 1004 Evandrum,
354 929 460 990 venies
474 928 656 1008 Tirynthius
671 937 725 989 aut
739 928 840 988 minor
852 928 906 989 illo

149 1025 272 1106 Hospes
286 1036 318 1088 et
332 1028 397 1108 ipse
411 1037 515 1089 tamen
530 1026 714 1105 contingens
729 1026 878 1106 sanguine
893 1026 1020 1100 caelum,

149 1122 240 1184 Alter
254 1124 348 1203 aquis,
364 1126 441 1185 alter
454 1123 584 1183 flammis
600 1123 639 1182 ad
654 1122 755 1183 sidera
768 1123 888 1184 missus.

149 1219 280 1280 Fercula
293 1242 375 1282 nune
389 1221 461 1280 audi
475 1221 567 1280 nullis
583 1229 691 1280 ornata
706 1220 850 1282 macellis.

149 1315 198 1376 De
213 1316 378 1378 Tiburtino
392 1318 499 1378 veniet
512 1316 731 1397 pinguissimus
745 1337 819 1397 agro

150 1413 311 1474 Haedulus
326 1425 358 1474 et
372 1420 547 1493 toto'grege
561 1415 691 1490 mollior,
705 1415 819 1474 inscius
832 1415 954 1489 herbae,

149 1509 295 1570 Necdum
309 1529 400 1570 ausus
414 1510 516 1589 virgas
531 1512 656 1572 humilis
671 1512 811 1572 mordere
826 1511 935 1586 salicti,
1062 1499 1068 1508 ⁸

150 1606 214 1679 Qui
227 1607 296 1686 plus
311 1608 400 1668 lactis
415 1607 509 1677 habet
523 1629 615 1688 quam
630 1610 805 1689 sanguinis3
826 1619 859 1670 et
873 1607 1013 1670 montani
1035 1636 1037 1640 ·
1111 1627 1113 1630 ·

150 1704 313 1784 Asparagi,
329 1704 430 1784 posito
445 1725 522 1784 quos
536 1706 612 1787 legit
627 1706 729 1767 villica
743 1707 820 1766 fuse.

150 1799 287 1860 Grandia
300 1796 461 1881 praeterea
475 1811 621 1882 tortoque
636 1803 769 1863 calentia
783 1803 874 1863 foeno

151 1897 221 1958 Ova
236 1898 348 1958 adsunt
362 1898 436 1978 ipsis
451 1919 522 1959 cum
536 1901 686 1962 matribus
701 1909 733 1960 et
747 1909 887 1960 servatae

151 1995 245 2056 Parte
261 1996 333 2055 anni
349 1997 590 2075 quales'fuerant
604 1997 634 2056 iu
650 1997 766 2058 vitibus
782 2017 879 2057 uvae:

152 2093 315 2172 Signinum
332 2092 517 2174 Syriumque
531 2095 641 2174 pirum,
658 2095 697 2154 de
712 2095 854 2155 corbibus
868 2093 968 2154 isdem

150 2190 285 2252 Aemula
298 2191 421 2252 Picenis
436 2201 468 2251 et
483 2192 586 2252 odoris
600 2193 681 2251 mala
694 2191 835 2265 recentis,

150 2287 219 2350 Nec
234 2291 401 2350 metuenda
414 2289 480 2364 tibi,
496 2290 643 2350 siccatum
657 2290 770 2370 frigore
783 2298 949 2369 postquam

151 2386 347 2447 Autumnum
362 2398 394 2448 et
409 2387 496 2450 crudi
510 2405 639 2467 posuere
653 2388 789 2466 pericula
804 2386 894 2446 succi.

191 2483 279 2545 Haec
293 2485 367 2545 olim
380 2484 478 2547 nostri
487 2484 555 2565 jam
568 2483 726 2543 luxuriosa
742 2482 874 2543 Senatus

152 2580 257 2642 Coena
270 2581 337 2642 fuit.
380 2583 489 2644 Curius
504 2601 599 2662 parvo
614 2599 692 2660 quae
705 2580 824 2658 legerat
837 2581 928 2639 horto
949 2634 952 2641 .
981 2615 984 2624 ·

151 2675 222 2757 Ipse
237 2679 311 2740 focis
325 2679 470 2740 brevibus
485 2679 622 2759 ponebat
636 2677 782 2750 oluscula,
798 2695 875 2756 quae
891 2695 973 2741 nuuc

153 2774 318 2853 Squalidus
332 2775 363 2834 in
377 2795 490 2854 magna
502 2775 622 2835 fastidit
638 2773 786 2854 compede
801 2773 908 2846 fossor,

152 2870 215 2942 Qui
229 2871 369 2932 meminit
383 2871 501 2932 calidae
516 2871 614 2952 sapiat
630 2871 704 2951 quid
720 2870 813 2931 vulva
825 2869 966 2950 popinae.

154 2967 234 3030 Sicci
248 2976 336 3047 terga
350 2967 420 3042 suis,
434 2955 502 3027 rara
519 2968 688 3048 pendentia
703 2977 796 3041 crate,

152 3063 250 3123 Moris
265 3071 331 3123 erat
346 3065 502 3143 quondam
517 3065 601 3124 festis
616 3084 738 3125 servare
753 3063 863 3124 diebus

152 3159 194 3220 Et
209 3159 388 3220 natalicium
402 3161 541 3240 cognatis
557 3181 671 3242 ponere
686 3162 816 3235 lardum,

152 3257 333 3317 Accedente
347 3277 436 3332 nova,
451 3258 476 3318 si
491 3278 585 3337 quam
599 3259 693 3320 dabat
706 3259 817 3333 hostia,
832 3276 933 3318 carne.

154 3353 365 3432 Cognatorum
380 3354 489 3434 aliquis
502 3355 594 3416 titulo
608 3364 658 3416 ter
671 3356 813 3417 Consulis
828 3364 921 3435 atque

155 3449 334 3510 Castrorum
346 3451 482 3532 imperiis
496 3461 528 3512 et
541 3451 710 3513 Dictatoris
725 3454 841 3528 honore
882 3445 885 3452 ’
902 3493 905 3498 -

154 3545 295 3608 Functus
309 3549 349 3607 ed
362 3548 418 3608 has
433 3548 538 3630 epulas
552 3549 644 3610 solito
659 3548 807 3610 maturius
821 3549 896 3624 ibat,
