2622 4168
183 391 224 454 26
487 401 522 448 1).
539 401 642 449 curin
663 401 870 450 Juvauams

182 573 315 652 Propter
330 569 412 650 quod
426 567 545 628 Romae
560 587 631 629 cum
644 568 801 628 Bocchare
816 587 907 628 nemo
920 566 1052 640 lavatur,
1152 579 1184 626 90

183 668 277 742 Quod
293 677 376 728 tutos
391 666 486 725 etiarn
500 664 573 725 facit
588 684 606 724 a
620 665 813 744 serpentibus
826 665 929 724 Alios.

181 766 297 826 Mullus
312 765 369 825 en't
385 763 511 837 domini,
526 782 618 843 quem
633 763 715 822 misit
730 763 854 823 Corsica
867 762 917 821 vel
932 780 1024 842 quem

182 862 460 923 Tauromenitanae
476 879 573 938 rupes,
588 859 711 938 quando
726 880 816 920 omne
829 866 990 939 peractum
1004 867 1050 918 est

181 961 224 1020 Et
238 961 305 1040 jam
320 959 432 1018 defecit
446 967 586 1018 nostrum
600 976 692 1030 mare,
707 957 782 1016 dum
795 957 868 1037 gula
882 955 981 1016 saevit

182 1059 313 1119 Retibus
329 1055 457 1116 assiduis
471 1055 595 1134 penitus
610 1062 767 1116 scrutante
780 1054 909 1114 macello
1152 1067 1184 1114 95

182 1155 338 1228 Proxima,
354 1173 411 1212 nec
425 1152 543 1232 patitur
557 1151 752 1229 Tyrrhenum
768 1171 902 1212 crescere
916 1151 1039 1231 piscem.

182 1253 312 1313 instruit
329 1271 402 1329 ergo
417 1250 519 1309 focum
532 1249 711 1328 provincia3
732 1248 863 1308 sumitur
876 1248 960 1309 illinc

183 1350 277 1423 Quod
292 1356 431 1427 captator
446 1355 528 1404 emat
542 1343 669 1418 Laenas,
684 1345 812 1404 Aurelia
826 1347 951 1408 vendat.

182 1446 306 1508 Virroni
321 1461 466 1503 muraena
481 1443 581 1514 datur,
597 1460 674 1520 quae
689 1441 822 1500 maxima
836 1444 922 1503 veuit

181 1543 312 1623 Gurgite
327 1541 366 1600 de
382 1539 502 1612 Siculo;
524 1557 594 1596 nam
610 1539 685 1596 dum
699 1557 730 1597 se
746 1539 885 1599 continet
899 1541 1024 1617 Auster,

180 1642 266 1701 Dum
280 1639 367 1700 sedet
382 1646 413 1696 et
427 1635 521 1695 siccat
535 1634 675 1694 madidas
689 1635 720 1694 in
735 1655 854 1696 carcere
868 1657 994 1717 pennas,

182 1740 394 1802 Contemnunt
409 1733 542 1793 mediam
556 1733 719 1793 temeraria
733 1734 797 1794 lina
812 1735 1011 1815 Charybdim.

180 1837 248 1898 Vos
263 1833 397 1913 anguilla
411 1840 516 1891 manet
529 1831 640 1910 longae
656 1841 787 1911 cognata
801 1834 954 1908 colubrae,

179 1935 247 1993 Aut
261 1931 358 2012 glacie
374 1949 512 2010 aspersus
527 1928 654 1988 maculis
669 1929 832 1990 Tiberinus
847 1940 878 1991 et
890 1931 956 2012 ipse

180 2030 319 2091 Vernula
332 2027 476 2108 riparum,
490 2026 614 2106 pinguis
628 2035 764 2087 torrente
780 2029 891 2104 cloaca,

180 2129 223 2189 Et
237 2127 345 2188 solitus
360 2125 480 2185 mediae
495 2134 634 2204 cryptam
648 2136 808 2204 penetrare
824 2127 989 2189 Suburrae.

219 2225 284 2306 Ipsi
298 2244 395 2305 pauca
410 2224 511 2298 velim,
527 2223 649 2284 facilem
663 2224 689 2284 si
703 2225 850 2304 praebeat
864 2245 978 2288 aurem.

179 2325 283 2386 Nemo
297 2323 375 2404 petit
390 2323 519 2400 modicis
533 2341 610 2403 quae
625 2323 828 2384 mittebantur
842 2325 947 2386 amicis

178 2424 210 2482 A
226 2422 351 2496 Seneca,
368 2441 446 2501 quae
461 2419 535 2481 Piso
550 2421 658 2495 bonus,
673 2441 752 2502 quae
767 2421 861 2482 Cotta
874 2423 993 2483 solebat

179 2521 314 2602 Largiri:
336 2541 468 2604 namque
484 2531 516 2582 et
529 2521 628 2581 titulis
643 2529 675 2580 et
688 2520 820 2581 fascibus
835 2522 909 2582 olim

70 2632 82 2638 '
179 2619 282 2699 Major
294 2619 465 2680 habebatur
480 2618 615 2679 donandi
630 2619 745 2698 gloria:
767 2621 867 2680 solum

179 2718 340 2780 Posuimus
354 2728 390 2780 ut
405 2738 515 2781 coenes
531 2719 670 2780 civiliter.
714 2718 784 2779 Hoc
800 2719 865 2792 face
881 2727 912 2779 et
926 2727 1003 2794 esto,

179 2815 266 2890 Esto,
281 2825 316 2876 ut
331 2837 412 2876 nunc
426 2817 525 2891 multi,
542 2816 629 2876 dives
642 2816 701 2876 tibi
714 2835 831 2896 pauper
846 2815 958 2876 amicis.
991 2859 993 2863 -

219 2913 347 2974 Anseris
362 2922 433 2972 ante
448 2913 548 2991 ipsum
562 2913 666 2992 magni
678 2914 775 2992 jecur,
790 2913 946 2974 anseribus
959 2931 1015 2993 par

178 3011 285 3070 Altilis
300 3019 332 3070 et
345 3009 417 3068 flavi
432 3009 543 3087 dignus
557 3009 637 3068 ferro
652 3007 802 3090 Meleagri
852 3067 854 3072 .

179 3107 294 3167 Fumat
309 3126 399 3186 aper:
421 3115 491 3186 post
505 3106 588 3165 hunc
602 3105 765 3172 tradentur
778 3107 895 3182 tubera,
911 3107 936 3168 si
950 3126 1006 3168 ver

180 3204 268 3264 Tunc
282 3205 340 3264 crit
354 3213 386 3264 et
400 3203 514 3263 facient
529 3210 636 3282 optata
649 3203 788 3263 tonitrua
802 3224 912 3266 coenas

179 3301 322 3380 Majores.
365 3299 462 3358 “Tibi
476 3300 555 3359 habe
569 3299 783 3374 fmmentum‚’'
797 3301 933 3363 Allidius
946 3301 1055 3382 inquit,

181 3396 236 3456 “O
251 3395 349 3477 Libye
361 3417 369 3472 3
393 3396 535 3477 disjunge
549 3396 645 3456 boves
660 3395 734 3456 dum
748 3397 858 3458 tubera
871 3398 1004 3461 mittas.”

181 3493 375 3554 Structorem
388 3494 515 3568 interea,
530 3513 569 3553 ne
584 3511 645 3573 qua
659 3493 831 3574 indignatio
846 3497 935 3571 desit,

181 3589 355 3652 Saltantem
370 3599 490 3670 spectas
505 3599 536 3651 et
550 3589 787 3651 chironomunta
801 3593 919 3654 volanti
