2622 4168
171 401 212 466 10
479 417 515 464 n.
539 416 642 465 suun
664 412 872 463 auvnunms

169 585 302 646 Miratur
314 602 424 644 voeem
438 592 609 663 angustam,
625 601 685 661 qua
699 579 834 640 deterius
848 597 906 638 neo

170 681 227 742 Ille
242 689 331 742 sonat
346 699 406 759 quo
422 679 581 739 mordetur
594 677 709 758 gallina
723 676 842 736 marito.

171 782 258 838 Haeo
271 778 379 838 eadem
392 775 466 836 lioet
479 784 512 835 et
526 775 613 835 nobis
627 774 770 846 laudare3
791 771 845 831 sed
858 770 920 830 illis

173 875 324 936 Creditur.
365 873 417 933 An
431 871 540 932 melior
554 890 649 950 quum
665 868 786 928 Thaida
800 867 940 940 sustinet,
955 874 1008 926 aut
1023 883 1116 946 quum

172 971 313 1034 Uxorem
328 969 492 1032 comoedus
508 968 573 1048 agit
588 968 638 1027 vel
654 965 773 1026 Dorida
787 964 873 1024 nullo

173 1069 297 1130 Cultam
311 1068 460 1148 palliolo?
500 1064 612 1126 Mulier
628 1082 738 1142 nempe
752 1061 818 1141 ipsa
831 1060 956 1121 videtur
1146 1069 1179 1117 90

173 1164 246 1225 Non
261 1184 391 1244 persona
404 1163 505 1244 loqui:
526 1181 624 1222 vaoua
639 1169 670 1220 et
685 1159 777 1239 plana
791 1157 894 1218 omnia
908 1156 993 1217 dieas

173 1260 258 1321 Infra
271 1262 477 1321 ventriculum
490 1269 522 1321 et
536 1259 622 1319 tenui
638 1254 787 1316 distantia
801 1254 886 1313 rima.

174 1357 242 1416 Neo
257 1365 360 1417 tamen
375 1357 558 1429 Antioohus,
572 1374 629 1414 neo
644 1353 701 1412 erit
716 1350 862 1410 mirabilis
877 1349 940 1409 illie

174 1453 242 1514 Aut
258 1453 424 1528 Stratocles
440 1463 493 1513 aut
508 1473 577 1513 oum
591 1450 676 1510 molli
691 1445 870 1508 Demetrius
885 1445 1022 1505 Haemo:

175 1549 272 1610 Natio
287 1550 434 1609 comoeda
448 1557 503 1608 est.
544 1548 648 1621 Rides,
664 1545 778 1624 majore
792 1541 943 1603 caehinno
1134 1553 1182 1602 100

177 1646 377 1720 Concutitur3
397 1646 451 1706 flet
466 1644 491 1705 si
505 1644 643 1705 laorimas
658 1641 819 1721 conspexit
833 1638 932 1711 amioi,

177 1743 246 1802 Nee
260 1743 363 1817 dolet3
384 1742 553 1821 igniculum
565 1741 692 1802 brumae
707 1739 732 1799 si
745 1749 885 1817 tempore
898 1755 1015 1815 poscas,

177 1839 302 1918 Aooipit
317 1838 545 1912 endromidem3
567 1837 591 1898 si
606 1837 728 1911 dixeris,
743 1845 858 1910 aestuo,
874 1834 980 1919 sudat.-

178 1935 252 1995 Non
267 1955 371 1995 sumus
386 1954 459 2014 ergo
473 1953 580 2013 pares;
600 1934 709 1994 melior
722 1934 775 2013 qui
790 1951 910 2011 semper
925 1940 957 1992 et
972 1929 1057 1991 omni

178 2032 281 2093 Nocte
296 2031 405 2111 dieque
420 2039 524 2111 potest
538 2032 671 2091 alienum
686 2051 805 2091 sumere
821 2031 952 2104 vultum,

179 2129 209 2188 A
224 2129 300 2188 faeie
316 2129 434 2208 jactare
449 2148 566 2204 manus,
580 2129 706 2188 laudare
720 2137 844 2207 paratus

182 2225 216 2286 Si
228 2226 306 2285 bene
320 2225 460 2298 ructavit,
475 2225 501 2284 si
514 2235 632 2284 rectum
647 2225 759 2286 minxit
774 2225 897 2300 amiouS,

182 2321 215 2383 Si
229 2322 321 2381 trulla
334 2321 457 2382 inverso
472 2321 621 2400 orepitum
637 2321 723 2381 dedit
739 2341 830 2381 aurea
843 2322 948 2382 fundo.

180 2417 346 2478 Praeterea
360 2427 499 2478 sanetum
514 2417 589 2476 nihil
604 2426 651 2478 est
665 2427 697 2478 et
710 2418 749 2478 ab
762 2419 889 2499 inguine
904 2427 1027 2479 tutum:

182 2514 254 2575 Non
270 2524 410 2575 matrona
423 2513 518 2588 Laris,
531 2535 594 2574 non
608 2513 671 2574 filia
684 2514 782 2595 virgo,
797 2536 897 2595 neque
912 2515 977 2596 ipse

182 2611 319 2691 Sponsus
332 2611 409 2672 levis
423 2612 532 2684 adhue,
546 2631 607 2671 non
622 2611 703 2672 filius
718 2622 789 2673 ante
804 2613 944 2693 pudieus.

181 2708 302 2768 Horum
317 2708 342 2768 si
356 2709 432 2768 nihil
446 2717 501 2782 est,
516 2709 615 2768 aviam
630 2711 788 2790 resupinat
804 2709 902 2769 amini.

183 2803 267 2864 Scire
281 2805 391 2864 volunt
405 2814 522 2864 seoreta
536 2805 645 2866 domus
661 2816 754 2888 atquo
765 2807 838 2866 inde
852 2805 964 2865 timeri.

181 2901 224 2960 Et
238 2900 382 2980 quoniam
395 2900 497 2978 eoepit
512 2901 698 2963 Graecorum
713 2902 837 2975 mentio,
853 2901 948 2961 transi

183 2996 350 3076 Gymnasia
364 3005 456 3076 atque
471 2997 543 3057 audi
557 2998 674 3059 lacinus
688 2999 812 3078 majoris
826 2998 954 3059 abollae.

183 3093 304 3154 Stoicus
319 3093 432 3154 oceidit
446 3093 585 3169 Baream,
601 3095 721 3155 delator
735 3096 868 3156 amioum

142 3182 145 3186 ’
182 3190 435 3271 Discipulumque
450 3211 553 3263 senex,
567 3191 634 3272 ripa
647 3191 782 3252 nutritus
796 3192 826 3251 in
841 3190 895 3249 illa

182 3286 235 3345 Ad
250 3306 341 3366 quam
355 3287 513 3368 Gorgonei
527 3288 653 3367 delapsa
666 3296 713 3348 est
726 3287 822 3368 pinna
836 3287 954 3348 caballi.

183 3383 257 3442 Non
272 3393 318 3444 est
333 3384 475 3446 Romano
490 3385 632 3464 euiquam
646 3384 730 3444 loeus
745 3385 803 3458 hio,
818 3383 870 3444 ubi
884 3393 994 3463 regnat

183 3477 376 3560 Protogenes
391 3480 500 3560 aliquis
513 3480 564 3540 vel
578 3479 722 3560 Diphilus
737 3488 791 3540 ant
805 3480 1001 3553 Hermarous,
1143 3493 1190 3539 120

184 3572 247 3646 Qui
261 3577 364 3657 gentis
377 3577 456 3637 vitio
469 3595 628 3656 nunquam
641 3575 775 3656 partitur
788 3575 929 3649 amioum,
