<?xml version="1.0" encoding="UTF-8"?>
<!DOCTYPE html PUBLIC "-//W3C//DTD XHTML 1.0 Transitional//EN"
    "http://www.w3.org/TR/xhtml1/DTD/xhtml1-transitional.dtd">
<html xmlns="http://www.w3.org/1999/xhtml" xml:lang="en" lang="en">
 <head>
  <title>
</title>
<meta http-equiv="Content-Type" content="text/html;charset=utf-8" />
  <meta name='ocr-system' content='tesseract 3.04.00' />
  <meta name='ocr-capabilities' content='ocr_page ocr_carea ocr_par ocr_line ocrx_word'/>
</head>
<body>
  <div class='ocr_page' id='page_1' title='image "./thirteensatires01hartgoog_0035.png"; bbox 0 0 2622 4168; ppageno 0'>
   <div class='ocr_carea' id='block_1_1' title="bbox 122 363 819 464">
    <p class='ocr_par' dir='ltr' id='par_1_1' title="bbox 122 363 819 464">
     <span class='ocr_line' id='line_1_1' title="bbox 122 363 819 464; baseline -0.01 -16"><span class='ocrx_word' id='word_1_1' title='bbox 122 382 164 448; x_wconf 88' lang='grc'>16</span> <span class='ocrx_word' id='word_1_2' title='bbox 416 363 464 443; x_wconf 78' lang='lat' dir='ltr'>n.</span> <span class='ocrx_word' id='word_1_3' title='bbox 488 394 591 464; x_wconf 71' lang='lat' dir='ltr'>anun</span> <span class='ocrx_word' id='word_1_4' title='bbox 612 391 819 444; x_wconf 75' lang='lat' dir='ltr'>Juvnnsnrs</span> 
     </span>
    </p>
   </div>
   <div class='ocr_carea' id='block_1_2' title="bbox 55 556 1216 3647">
    <p class='ocr_par' dir='ltr' id='par_1_2' title="bbox 55 556 1216 3647">
     <span class='ocr_line' id='line_1_2' title="bbox 101 556 965 642; baseline -0.009 -14"><span class='ocrx_word' id='word_1_5' title='bbox 101 630 106 640; x_wconf 76' lang='grc'><em>,</em></span> <span class='ocrx_word' id='word_1_6' title='bbox 123 567 273 628; x_wconf 86' lang='lat' dir='ltr'>Somnum</span> <span class='ocrx_word' id='word_1_7' title='bbox 286 564 355 624; x_wconf 85' lang='lat' dir='ltr'>rixa</span> <span class='ocrx_word' id='word_1_8' title='bbox 367 562 460 624; x_wconf 82' lang='lat' dir='ltr'>iacit:</span> <span class='ocrx_word' id='word_1_9' title='bbox 481 562 536 624; x_wconf 88' lang='lat' dir='ltr'>sed</span> <span class='ocrx_word' id='word_1_10' title='bbox 551 560 691 642; x_wconf 90' lang='lat' dir='ltr'>quamvis</span> <span class='ocrx_word' id='word_1_11' title='bbox 704 559 863 639; x_wconf 90' lang='lat' dir='ltr'>improbus</span> <span class='ocrx_word' id='word_1_12' title='bbox 877 556 965 620; x_wconf 88' lang='lat' dir='ltr'>anuis</span> 
     </span>
     <span class='ocr_line' id='line_1_3' title="bbox 122 655 1012 744; baseline -0.008 -19"><span class='ocrx_word' id='word_1_13' title='bbox 122 665 228 744; x_wconf 81' lang='lat' dir='ltr'><strong>Atque</strong></span> <span class='ocrx_word' id='word_1_14' title='bbox 242 681 327 722; x_wconf 90' lang='lat' dir='ltr'>mero</span> <span class='ocrx_word' id='word_1_15' title='bbox 341 660 462 720; x_wconf 86' lang='lat' dir='ltr'>fervens</span> <span class='ocrx_word' id='word_1_16' title='bbox 477 667 566 722; x_wconf 83' lang='lat' dir='ltr'>cavet</span> <span class='ocrx_word' id='word_1_17' title='bbox 580 660 663 720; x_wconf 90' lang='lat' dir='ltr'>hunc</span> <span class='ocrx_word' id='word_1_18' title='bbox 677 677 770 737; x_wconf 86' lang='lat' dir='ltr'>quem</span> <span class='ocrx_word' id='word_1_19' title='bbox 785 655 909 718; x_wconf 88' lang='lat' dir='ltr'>coccina</span> <span class='ocrx_word' id='word_1_20' title='bbox 921 656 1012 718; x_wconf 88' lang='lat' dir='ltr'>laeua</span> 
     </span>
     <span class='ocr_line' id='line_1_4' title="bbox 121 753 847 840; baseline -0.011 -20"><span class='ocrx_word' id='word_1_21' title='bbox 121 761 225 821; x_wconf 80' lang='lat' dir='ltr'>Vitari</span> <span class='ocrx_word' id='word_1_22' title='bbox 236 760 328 840; x_wconf 90' lang='lat' dir='ltr'>jubet</span> <span class='ocrx_word' id='word_1_23' title='bbox 343 765 375 817; x_wconf 89' lang='lat' dir='ltr'>et</span> <span class='ocrx_word' id='word_1_24' title='bbox 390 756 539 818; x_wconf 89' lang='lat' dir='ltr'>comitum</span> <span class='ocrx_word' id='word_1_25' title='bbox 552 753 748 836; x_wconf 85' lang='lat' dir='ltr'>longissimus</span> <span class='ocrx_word' id='word_1_26' title='bbox 762 753 847 827; x_wconf 91' lang='lat' dir='ltr'>ordo,</span> 
     </span>
     <span class='ocr_line' id='line_1_5' title="bbox 122 850 1124 936; baseline -0.006 -20"><span class='ocrx_word' id='word_1_27' title='bbox 122 856 258 916; x_wconf 87' lang='lat' dir='ltr'>Multum</span> <span class='ocrx_word' id='word_1_28' title='bbox 271 863 430 936; x_wconf 89' lang='lat' dir='ltr'>praeterea</span> <span class='ocrx_word' id='word_1_29' title='bbox 443 852 636 912; x_wconf 90' lang='lat' dir='ltr'>flammarum</span> <span class='ocrx_word' id='word_1_30' title='bbox 650 859 681 912; x_wconf 87' lang='lat' dir='ltr'>et</span> <span class='ocrx_word' id='word_1_31' title='bbox 696 857 790 910; x_wconf 73' lang='lat' dir='ltr'>aenea</span> <span class='ocrx_word' id='word_1_32' title='bbox 803 850 937 928; x_wconf 88' lang='lat' dir='ltr'>lampas:</span> <span class='ocrx_word' id='word_1_33' title='bbox 1076 863 1124 910; x_wconf 79' lang='lat'>285</span> 
     </span>
     <span class='ocr_line' id='line_1_6' title="bbox 121 946 937 1032; baseline -0.011 -18"><span class='ocrx_word' id='word_1_34' title='bbox 121 954 175 1028; x_wconf 89' lang='lat' dir='ltr'>Me</span> <span class='ocrx_word' id='word_1_35' title='bbox 190 972 283 1032; x_wconf 90' lang='lat' dir='ltr'>quem</span> <span class='ocrx_word' id='word_1_36' title='bbox 296 950 384 1012; x_wconf 90' lang='lat' dir='ltr'>Luna</span> <span class='ocrx_word' id='word_1_37' title='bbox 398 949 477 1010; x_wconf 90' lang='lat' dir='ltr'>solet</span> <span class='ocrx_word' id='word_1_38' title='bbox 493 948 646 1010; x_wconf 73' lang='lat' dir='ltr'>deducere</span> <span class='ocrx_word' id='word_1_39' title='bbox 660 947 711 1008; x_wconf 91' lang='lat' dir='ltr'>vel</span> <span class='ocrx_word' id='word_1_40' title='bbox 724 947 818 1007; x_wconf 89' lang='lat' dir='ltr'>breve</span> <span class='ocrx_word' id='word_1_41' title='bbox 832 946 937 1006; x_wconf 89' lang='lat' dir='ltr'>lumen</span> 
     </span>
     <span class='ocr_line' id='line_1_7' title="bbox 123 1043 857 1128; baseline -0.015 -16"><span class='ocrx_word' id='word_1_42' title='bbox 123 1050 287 1122; x_wconf 86' lang='lat' dir='ltr'>Oandelae,</span> <span class='ocrx_word' id='word_1_43' title='bbox 301 1049 388 1128; x_wconf 89' lang='lat' dir='ltr'>cujus</span> <span class='ocrx_word' id='word_1_44' title='bbox 402 1047 546 1126; x_wconf 89' lang='lat' dir='ltr'>dispenso</span> <span class='ocrx_word' id='word_1_45' title='bbox 562 1053 594 1106; x_wconf 85' lang='lat' dir='ltr'>et</span> <span class='ocrx_word' id='word_1_46' title='bbox 608 1053 747 1124; x_wconf 86' lang='lat' dir='ltr'>tempero</span> <span class='ocrx_word' id='word_1_47' title='bbox 761 1043 857 1118; x_wconf 89' lang='lat' dir='ltr'>filum,</span> 
     </span>
     <span class='ocr_line' id='line_1_8' title="bbox 123 1141 929 1223; baseline -0.01 -13"><span class='ocrx_word' id='word_1_48' title='bbox 123 1147 311 1210; x_wconf 71' lang='lat' dir='ltr'>contemnit,</span> <span class='ocrx_word' id='word_1_49' title='bbox 352 1145 484 1208; x_wconf 81' lang='lat' dir='ltr'>Miserae</span> <span class='ocrx_word' id='word_1_50' title='bbox 499 1161 650 1223; x_wconf 84' lang='lat' dir='ltr'>cognosce</span> <span class='ocrx_word' id='word_1_51' title='bbox 665 1141 822 1221; x_wconf 89' lang='lat' dir='ltr'>prooemia</span> <span class='ocrx_word' id='word_1_52' title='bbox 835 1141 929 1216; x_wconf 82' lang='lat' dir='ltr'>rixae,</span> 
     </span>
     <span class='ocr_line' id='line_1_9' title="bbox 55 1238 966 1322; baseline -0.008 -18"><span class='ocrx_word' id='word_1_53' title='bbox 55 1253 57 1258; x_wconf 88' lang='lat'>&#39;</span> <span class='ocrx_word' id='word_1_54' title='bbox 124 1245 157 1304; x_wconf 85' lang='lat' dir='ltr'>Si</span> <span class='ocrx_word' id='word_1_55' title='bbox 171 1244 238 1304; x_wconf 85' lang='lat' dir='ltr'>rixa</span> <span class='ocrx_word' id='word_1_56' title='bbox 252 1253 299 1304; x_wconf 91' lang='lat' dir='ltr'>est</span> <span class='ocrx_word' id='word_1_57' title='bbox 314 1243 366 1303; x_wconf 91' lang='lat' dir='ltr'>ubi</span> <span class='ocrx_word' id='word_1_58' title='bbox 380 1252 415 1304; x_wconf 82' lang='lat' dir='ltr'>tu</span> <span class='ocrx_word' id='word_1_59' title='bbox 429 1243 540 1322; x_wconf 90' lang='lat' dir='ltr'>pulsas,</span> <span class='ocrx_word' id='word_1_60' title='bbox 556 1259 615 1320; x_wconf 87' lang='lat' dir='ltr'>ego</span> <span class='ocrx_word' id='word_1_61' title='bbox 631 1238 744 1317; x_wconf 89' lang='lat' dir='ltr'>vapulo</span> <span class='ocrx_word' id='word_1_62' title='bbox 758 1247 890 1298; x_wconf 87' lang='lat' dir='ltr'>tantum.</span> <span class='ocrx_word' id='word_1_63' title='bbox 957 1244 966 1273; x_wconf 74' lang='lat'>³</span> 
     </span>
     <span class='ocr_line' id='line_1_10' title="bbox 124 1339 1124 1419; baseline -0.005 -19"><span class='ocrx_word' id='word_1_64' title='bbox 124 1341 194 1402; x_wconf 85' lang='lat' dir='ltr'>Stat</span> <span class='ocrx_word' id='word_1_65' title='bbox 208 1350 313 1401; x_wconf 89' lang='lat' dir='ltr'>contra</span> <span class='ocrx_word' id='word_1_66' title='bbox 328 1340 462 1419; x_wconf 89' lang='lat' dir='ltr'>starique</span> <span class='ocrx_word' id='word_1_67' title='bbox 476 1339 585 1418; x_wconf 83' lang='lat' dir='ltr'>jubet3</span> <span class='ocrx_word' id='word_1_68' title='bbox 606 1355 713 1416; x_wconf 88' lang='lat' dir='ltr'>parere</span> <span class='ocrx_word' id='word_1_69' title='bbox 727 1353 852 1394; x_wconf 88' lang='lat' dir='ltr'>necesse</span> <span class='ocrx_word' id='word_1_70' title='bbox 866 1344 933 1411; x_wconf 85' lang='lat' dir='ltr'>est3</span> <span class='ocrx_word' id='word_1_71' title='bbox 1077 1349 1124 1397; x_wconf 81' lang='lat'>290</span> 
     </span>
     <span class='ocr_line' id='line_1_11' title="bbox 123 1431 1004 1516; baseline -0.007 -20"><span class='ocrx_word' id='word_1_72' title='bbox 123 1436 207 1496; x_wconf 89' lang='lat' dir='ltr'>Nam</span> <span class='ocrx_word' id='word_1_73' title='bbox 221 1436 296 1516; x_wconf 91' lang='lat' dir='ltr'>quid</span> <span class='ocrx_word' id='word_1_74' title='bbox 311 1455 392 1516; x_wconf 86' lang='lat' dir='ltr'>agas,</span> <span class='ocrx_word' id='word_1_75' title='bbox 408 1455 501 1515; x_wconf 90' lang='lat' dir='ltr'>quum</span> <span class='ocrx_word' id='word_1_76' title='bbox 515 1443 547 1494; x_wconf 85' lang='lat' dir='ltr'>te</span> <span class='ocrx_word' id='word_1_77' title='bbox 561 1433 693 1494; x_wconf 84' lang='lat' dir='ltr'>furiosus</span> <span class='ocrx_word' id='word_1_78' title='bbox 709 1438 800 1510; x_wconf 85' lang='lat' dir='ltr'>cogat</span> <span class='ocrx_word' id='word_1_79' title='bbox 815 1439 847 1490; x_wconf 93' lang='lat' dir='ltr'>et</span> <span class='ocrx_word' id='word_1_80' title='bbox 861 1431 945 1491; x_wconf 91' lang='lat' dir='ltr'>idem</span> <span class='ocrx_word' id='word_1_81' title='bbox 996 1499 1004 1510; x_wconf 25' lang='lat' dir='ltr'><em>t</em></span> 
     </span>
     <span class='ocr_line' id='line_1_12' title="bbox 91 1527 1032 1607; baseline -0.005 -12"><span class='ocrx_word' id='word_1_82' title='bbox 91 1584 96 1595; x_wconf 95' lang='lat'>.</span> <span class='ocrx_word' id='word_1_83' title='bbox 123 1533 271 1594; x_wconf 83' lang='lat' dir='ltr'>Fortior?</span> <span class='ocrx_word' id='word_1_84' title='bbox 311 1531 434 1593; x_wconf 88' lang='lat' dir='ltr'>“Unde</span> <span class='ocrx_word' id='word_1_85' title='bbox 448 1528 588 1590; x_wconf 85' lang='lat' dir='ltr'>venis?”</span> <span class='ocrx_word' id='word_1_86' title='bbox 609 1528 781 1590; x_wconf 76' lang='lat' dir='ltr'>exclamat:</span> <span class='ocrx_word' id='word_1_87' title='bbox 806 1533 822 1564; x_wconf 87' lang='lat'><strong>“</strong></span> <span class='ocrx_word' id='word_1_88' title='bbox 833 1527 920 1607; x_wconf 90' lang='lat' dir='ltr'>cujus</span> <span class='ocrx_word' id='word_1_89' title='bbox 934 1535 1032 1604; x_wconf 82' lang='lat' dir='ltr'>aceto,</span> 
     </span>
     <span class='ocr_line' id='line_1_13' title="bbox 124 1625 954 1708; baseline -0.004 -18"><span class='ocrx_word' id='word_1_90' title='bbox 124 1629 219 1708; x_wconf 83' lang='lat' dir='ltr'>Cujus</span> <span class='ocrx_word' id='word_1_91' title='bbox 234 1630 349 1690; x_wconf 81' lang='lat' dir='ltr'>conche</span> <span class='ocrx_word' id='word_1_92' title='bbox 363 1627 487 1688; x_wconf 84' lang='lat' dir='ltr'>tumes?</span> <span class='ocrx_word' id='word_1_93' title='bbox 508 1626 575 1706; x_wconf 88' lang='lat' dir='ltr'>quis</span> <span class='ocrx_word' id='word_1_94' title='bbox 590 1635 694 1688; x_wconf 89' lang='lat' dir='ltr'>tecum</span> <span class='ocrx_word' id='word_1_95' title='bbox 708 1625 814 1686; x_wconf 88' lang='lat' dir='ltr'>sectile</span> <span class='ocrx_word' id='word_1_96' title='bbox 829 1645 954 1706; x_wconf 88' lang='lat' dir='ltr'>porrum</span> 
     </span>
     <span class='ocr_line' id='line_1_14' title="bbox 125 1715 776 1794; baseline -0.003 -8"><span class='ocrx_word' id='word_1_97' title='bbox 125 1715 218 1786; x_wconf 76' lang='lat' dir='ltr'>S&#39;utor</span> <span class='ocrx_word' id='word_1_98' title='bbox 233 1734 264 1785; x_wconf 90' lang='lat' dir='ltr'>et</span> <span class='ocrx_word' id='word_1_99' title='bbox 279 1725 351 1786; x_wconf 85' lang='lat' dir='ltr'>elixi</span> <span class='ocrx_word' id='word_1_100' title='bbox 366 1723 503 1794; x_wconf 82' lang='lat' dir='ltr'>vervecis</span> <span class='ocrx_word' id='word_1_101' title='bbox 517 1724 602 1784; x_wconf 90' lang='lat' dir='ltr'>labra</span> <span class='ocrx_word' id='word_1_102' title='bbox 616 1723 776 1785; x_wconf 83' lang='lat' dir='ltr'>comedit?</span> 
     </span>
     <span class='ocr_line' id='line_1_15' title="bbox 124 1821 1126 1902; baseline 0.002 -21"><span class='ocrx_word' id='word_1_103' title='bbox 124 1823 178 1882; x_wconf 89' lang='lat' dir='ltr'>Nil</span> <span class='ocrx_word' id='word_1_104' title='bbox 192 1822 267 1881; x_wconf 91' lang='lat' dir='ltr'>mihi</span> <span class='ocrx_word' id='word_1_105' title='bbox 281 1821 472 1900; x_wconf 82' lang='lat' dir='ltr'>respondes?</span> <span class='ocrx_word' id='word_1_106' title='bbox 511 1821 580 1882; x_wconf 84' lang='lat' dir='ltr'>Aut</span> <span class='ocrx_word' id='word_1_107' title='bbox 594 1821 643 1882; x_wconf 92' lang='lat' dir='ltr'>dic</span> <span class='ocrx_word' id='word_1_108' title='bbox 658 1829 712 1882; x_wconf 87' lang='lat' dir='ltr'>aut</span> <span class='ocrx_word' id='word_1_109' title='bbox 726 1821 829 1902; x_wconf 88' lang='lat' dir='ltr'>accipe</span> <span class='ocrx_word' id='word_1_110' title='bbox 844 1822 968 1883; x_wconf 85' lang='lat' dir='ltr'>calcem.</span> <span class='ocrx_word' id='word_1_111' title='bbox 1078 1837 1126 1885; x_wconf 80' lang='lat'>295</span> 
     </span>
     <span class='ocr_line' id='line_1_16' title="bbox 124 1906 1026 2000; baseline 0.002 -22"><span class='ocrx_word' id='word_1_112' title='bbox 124 1919 258 1980; x_wconf 82' lang='lat' dir='ltr'>Ede-ubi</span> <span class='ocrx_word' id='word_1_113' title='bbox 273 1917 438 1980; x_wconf 90' lang='lat' dir='ltr'>consistas:</span> <span class='ocrx_word' id='word_1_114' title='bbox 458 1917 490 1978; x_wconf 92' lang='lat' dir='ltr'>in</span> <span class='ocrx_word' id='word_1_115' title='bbox 506 1927 612 1998; x_wconf 87' lang='lat' dir='ltr'>quate</span> <span class='ocrx_word' id='word_1_116' title='bbox 626 1938 740 1999; x_wconf 88' lang='lat' dir='ltr'>quaero</span> <span class='ocrx_word' id='word_1_117' title='bbox 755 1921 948 2000; x_wconf 83' lang='lat' dir='ltr'>proseucha?</span> <span class='ocrx_word' id='word_1_118' title='bbox 958 1919 977 1949; x_wconf 89' lang='lat'>”</span> <span class='ocrx_word' id='word_1_119' title='bbox 1024 1906 1026 1910; x_wconf 51' lang='grc'><strong>’</strong></span> 
     </span>
     <span class='ocr_line' id='line_1_17' title="bbox 124 2014 870 2095; baseline 0.001 -19"><span class='ocrx_word' id='word_1_120' title='bbox 124 2015 236 2078; x_wconf 89' lang='lat' dir='ltr'>Dicere</span> <span class='ocrx_word' id='word_1_121' title='bbox 250 2014 275 2076; x_wconf 91' lang='lat' dir='ltr'>si</span> <span class='ocrx_word' id='word_1_122' title='bbox 289 2023 423 2094; x_wconf 79' lang='lat' dir='ltr'>temptes</span> <span class='ocrx_word' id='word_1_123' title='bbox 438 2015 553 2095; x_wconf 89' lang='lat' dir='ltr'>aliquid</span> <span class='ocrx_word' id='word_1_124' title='bbox 567 2016 720 2095; x_wconf 82' lang='lat' dir='ltr'>tacitusve</span> <span class='ocrx_word' id='word_1_125' title='bbox 734 2016 870 2090; x_wconf 86' lang='lat' dir='ltr'>recedas,</span> 
     </span>
     <span class='ocr_line' id='line_1_18' title="bbox 91 2111 1007 2192; baseline 0.003 -21"><span class='ocrx_word' id='word_1_126' title='bbox 91 2119 94 2122; x_wconf 82' lang='lat'>&#39;</span> <span class='ocrx_word' id='word_1_127' title='bbox 124 2112 323 2173; x_wconf 87' lang='lat' dir='ltr'>Tantundem</span> <span class='ocrx_word' id='word_1_128' title='bbox 337 2121 401 2186; x_wconf 86' lang='lat' dir='ltr'>est;</span> <span class='ocrx_word' id='word_1_129' title='bbox 421 2111 535 2174; x_wconf 85' lang='lat' dir='ltr'>feriunt</span> <span class='ocrx_word' id='word_1_130' title='bbox 549 2112 683 2192; x_wconf 82' lang='lat' dir='ltr'>pariter3</span> <span class='ocrx_word' id='word_1_131' title='bbox 703 2112 881 2180; x_wconf 87' lang='lat' dir='ltr'>vadimonia</span> <span class='ocrx_word' id='word_1_132' title='bbox 895 2111 1007 2176; x_wconf 83' lang='lat' dir='ltr'>deinde</span> 
     </span>
     <span class='ocr_line' id='line_1_19' title="bbox 124 2207 847 2289; baseline 0.003 -21"><span class='ocrx_word' id='word_1_133' title='bbox 124 2208 201 2269; x_wconf 88' lang='lat' dir='ltr'>Irati</span> <span class='ocrx_word' id='word_1_134' title='bbox 214 2208 340 2268; x_wconf 88' lang='lat' dir='ltr'>faciunt.</span> <span class='ocrx_word' id='word_1_135' title='bbox 380 2207 522 2270; x_wconf 85' lang='lat' dir='ltr'>Libertas</span> <span class='ocrx_word' id='word_1_136' title='bbox 535 2210 678 2289; x_wconf 86' lang='lat' dir='ltr'>pauperis</span> <span class='ocrx_word' id='word_1_137' title='bbox 692 2211 769 2272; x_wconf 89' lang='lat' dir='ltr'>haec</span> <span class='ocrx_word' id='word_1_138' title='bbox 783 2219 847 2272; x_wconf 89' lang='lat' dir='ltr'>est:</span> 
     </span>
     <span class='ocr_line' id='line_1_20' title="bbox 123 2293 1216 2391; baseline 0.002 -26"><span class='ocrx_word' id='word_1_139' title='bbox 123 2305 270 2391; x_wconf 16' lang='lat' dir='ltr'>‘Pulsatus</span> <span class='ocrx_word' id='word_1_140' title='bbox 284 2314 374 2386; x_wconf 87' lang='lat' dir='ltr'>rogat</span> <span class='ocrx_word' id='word_1_141' title='bbox 388 2313 421 2365; x_wconf 88' lang='lat' dir='ltr'>et</span> <span class='ocrx_word' id='word_1_142' title='bbox 434 2305 545 2385; x_wconf 86' lang='lat' dir='ltr'>pugnis</span> <span class='ocrx_word' id='word_1_143' title='bbox 561 2306 700 2368; x_wconf 89' lang='lat' dir='ltr'>concisus</span> <span class='ocrx_word' id='word_1_144' title='bbox 716 2306 833 2382; x_wconf 89' lang='lat' dir='ltr'>adorat,</span> <span class='ocrx_word' id='word_1_145' title='bbox 1082 2323 1127 2368; x_wconf 88' lang='lat'>300</span> <span class='ocrx_word' id='word_1_146' title='bbox 1214 2293 1216 2298; x_wconf 37' lang='lat'>⁵</span> 
     </span>
     <span class='ocr_line' id='line_1_21' title="bbox 124 2401 903 2487; baseline 0 -23"><span class='ocrx_word' id='word_1_147' title='bbox 124 2403 173 2464; x_wconf 87' lang='lat' dir='ltr'>Ut</span> <span class='ocrx_word' id='word_1_148' title='bbox 186 2401 278 2462; x_wconf 88' lang='lat' dir='ltr'>liceat</span> <span class='ocrx_word' id='word_1_149' title='bbox 291 2401 397 2481; x_wconf 88' lang='lat' dir='ltr'>paucis</span> <span class='ocrx_word' id='word_1_150' title='bbox 411 2422 483 2464; x_wconf 90' lang='lat' dir='ltr'>cum</span> <span class='ocrx_word' id='word_1_151' title='bbox 496 2402 642 2464; x_wconf 85' lang='lat' dir='ltr'>dentibus</span> <span class='ocrx_word' id='word_1_152' title='bbox 656 2403 729 2466; x_wconf 93' lang='lat' dir='ltr'>inde</span> <span class='ocrx_word' id='word_1_153' title='bbox 743 2403 866 2487; x_wconf 84' lang='lat' dir='ltr'>reverti.</span> <span class='ocrx_word' id='word_1_154' title='bbox 901 2452 903 2455; x_wconf 88' lang='lat'>.</span> 
     </span>
     <span class='ocr_line' id='line_1_22' title="bbox 70 2498 1064 2583; baseline 0.005 -26"><span class='ocrx_word' id='word_1_155' title='bbox 70 2507 72 2510; x_wconf 83' lang='lat'>&#39;</span> <span class='ocrx_word' id='word_1_156' title='bbox 163 2498 197 2558; x_wconf 90' lang='lat' dir='ltr'>N</span> <span class='ocrx_word' id='word_1_157' title='bbox 198 2517 233 2559; x_wconf 90' lang='lat' dir='ltr'>ec</span> <span class='ocrx_word' id='word_1_158' title='bbox 247 2507 352 2559; x_wconf 90' lang='lat' dir='ltr'>tamen</span> <span class='ocrx_word' id='word_1_159' title='bbox 365 2499 442 2560; x_wconf 91' lang='lat' dir='ltr'>haec</span> <span class='ocrx_word' id='word_1_160' title='bbox 455 2507 578 2560; x_wconf 90' lang='lat' dir='ltr'>tantum</span> <span class='ocrx_word' id='word_1_161' title='bbox 592 2511 733 2564; x_wconf 87' lang='lat' dir='ltr'>metuas:</span> <span class='ocrx_word' id='word_1_162' title='bbox 753 2501 893 2583; x_wconf 90' lang='lat' dir='ltr'>namqui</span> <span class='ocrx_word' id='word_1_163' title='bbox 907 2500 1064 2580; x_wconf 77' lang='lat' dir='ltr'>spoliette</span> 
     </span>
     <span class='ocr_line' id='line_1_23' title="bbox 124 2595 1025 2680; baseline 0.003 -25"><span class='ocrx_word' id='word_1_164' title='bbox 124 2596 199 2657; x_wconf 89' lang='lat' dir='ltr'>Non</span> <span class='ocrx_word' id='word_1_165' title='bbox 213 2595 320 2671; x_wconf 86' lang='lat' dir='ltr'>deerit,</span> <span class='ocrx_word' id='word_1_166' title='bbox 335 2596 446 2658; x_wconf 90' lang='lat' dir='ltr'>clausis</span> <span class='ocrx_word' id='word_1_167' title='bbox 460 2596 602 2660; x_wconf 90' lang='lat' dir='ltr'>domibus</span> <span class='ocrx_word' id='word_1_168' title='bbox 616 2609 782 2680; x_wconf 87' lang='lat' dir='ltr'>postquam</span> <span class='ocrx_word' id='word_1_169' title='bbox 797 2598 896 2660; x_wconf 89' lang='lat' dir='ltr'>omnis</span> <span class='ocrx_word' id='word_1_170' title='bbox 910 2597 1025 2678; x_wconf 90' lang='lat' dir='ltr'>ubique</span> 
     </span>
     <span class='ocr_line' id='line_1_24' title="bbox 124 2693 813 2777; baseline 0.007 -25"><span class='ocrx_word' id='word_1_171' title='bbox 124 2693 204 2752; x_wconf 87' lang='lat' dir='ltr'>Fixa</span> <span class='ocrx_word' id='word_1_172' title='bbox 217 2702 378 2754; x_wconf 87' lang='lat' dir='ltr'>catenatae</span> <span class='ocrx_word' id='word_1_173' title='bbox 392 2694 477 2755; x_wconf 89' lang='lat' dir='ltr'>siluit</span> <span class='ocrx_word' id='word_1_174' title='bbox 491 2714 642 2777; x_wconf 80' lang='lat' dir='ltr'>compago</span> <span class='ocrx_word' id='word_1_175' title='bbox 657 2697 813 2757; x_wconf 86' lang='lat' dir='ltr'>tabernae.</span> 
     </span>
     <span class='ocr_line' id='line_1_25' title="bbox 124 2789 1127 2874; baseline 0.003 -24"><span class='ocrx_word' id='word_1_176' title='bbox 124 2789 286 2850; x_wconf 88' lang='lat' dir='ltr'>Interdum</span> <span class='ocrx_word' id='word_1_177' title='bbox 300 2800 332 2852; x_wconf 87' lang='lat' dir='ltr'>et</span> <span class='ocrx_word' id='word_1_178' title='bbox 345 2790 426 2852; x_wconf 85' lang='lat' dir='ltr'>ferro</span> <span class='ocrx_word' id='word_1_179' title='bbox 441 2792 559 2854; x_wconf 84' lang='lat' dir='ltr'>subitus</span> <span class='ocrx_word' id='word_1_180' title='bbox 574 2803 729 2874; x_wconf 82' lang='lat' dir='ltr'>grassator</span> <span class='ocrx_word' id='word_1_181' title='bbox 743 2793 809 2874; x_wconf 88' lang='lat' dir='ltr'>agit</span> <span class='ocrx_word' id='word_1_182' title='bbox 822 2812 897 2866; x_wconf 88' lang='lat' dir='ltr'>rem,</span> <span class='ocrx_word' id='word_1_183' title='bbox 1081 2807 1127 2854; x_wconf 83' lang='lat'>305</span> 
     </span>
     <span class='ocr_line' id='line_1_26' title="bbox 124 2887 795 2966; baseline 0.006 -21"><span class='ocrx_word' id='word_1_184' title='bbox 124 2888 255 2948; x_wconf 90' lang='lat' dir='ltr'>Armato</span> <span class='ocrx_word' id='word_1_185' title='bbox 270 2887 390 2966; x_wconf 87' lang='lat' dir='ltr'>quoties</span> <span class='ocrx_word' id='word_1_186' title='bbox 404 2896 491 2948; x_wconf 83' lang='lat' dir='ltr'>tutae</span> <span class='ocrx_word' id='word_1_187' title='bbox 506 2891 634 2950; x_wconf 87' lang='lat' dir='ltr'>custode</span> <span class='ocrx_word' id='word_1_188' title='bbox 648 2899 795 2950; x_wconf 88' lang='lat' dir='ltr'>tenentur</span> 
     </span>
     <span class='ocr_line' id='line_1_27' title="bbox 124 2983 800 3066; baseline 0.004 -23"><span class='ocrx_word' id='word_1_189' title='bbox 124 2983 167 3044; x_wconf 88' lang='lat' dir='ltr'>Et</span> <span class='ocrx_word' id='word_1_190' title='bbox 181 2983 349 3064; x_wconf 88' lang='lat' dir='ltr'>Pomptina</span> <span class='ocrx_word' id='word_1_191' title='bbox 361 2985 450 3064; x_wconf 89' lang='lat' dir='ltr'>palus</span> <span class='ocrx_word' id='word_1_192' title='bbox 464 2993 497 3046; x_wconf 90' lang='lat' dir='ltr'>et</span> <span class='ocrx_word' id='word_1_193' title='bbox 511 2985 678 3046; x_wconf 83' lang='lat' dir='ltr'>Gallinaria</span> <span class='ocrx_word' id='word_1_194' title='bbox 691 2986 800 3066; x_wconf 86' lang='lat' dir='ltr'>pinus:</span> 
     </span>
     <span class='ocr_line' id='line_1_28' title="bbox 126 3080 959 3162; baseline 0.002 -22"><span class='ocrx_word' id='word_1_195' title='bbox 126 3080 177 3141; x_wconf 88' lang='lat' dir='ltr'>Sic</span> <span class='ocrx_word' id='word_1_196' title='bbox 190 3081 262 3142; x_wconf 89' lang='lat' dir='ltr'>inde</span> <span class='ocrx_word' id='word_1_197' title='bbox 276 3082 337 3148; x_wconf 82' lang='lat' dir='ltr'>huo</span> <span class='ocrx_word' id='word_1_198' title='bbox 352 3101 459 3143; x_wconf 89' lang='lat' dir='ltr'>omnes</span> <span class='ocrx_word' id='word_1_199' title='bbox 472 3091 622 3162; x_wconf 84' lang='lat' dir='ltr'>tanquam</span> <span class='ocrx_word' id='word_1_200' title='bbox 636 3083 677 3142; x_wconf 94' lang='lat' dir='ltr'>ad</span> <span class='ocrx_word' id='word_1_201' title='bbox 692 3083 809 3144; x_wconf 89' lang='lat' dir='ltr'>vivaria</span> <span class='ocrx_word' id='word_1_202' title='bbox 824 3089 959 3144; x_wconf 87' lang='lat' dir='ltr'>currunt.</span> 
     </span>
     <span class='ocr_line' id='line_1_29' title="bbox 126 3165 1125 3258; baseline 0.004 -23"><span class='ocrx_word' id='word_1_203' title='bbox 126 3176 196 3248; x_wconf 80' lang='lat' dir='ltr'>Qua</span> <span class='ocrx_word' id='word_1_204' title='bbox 209 3177 331 3238; x_wconf 86' lang='lat' dir='ltr'>fornace</span> <span class='ocrx_word' id='word_1_205' title='bbox 345 3198 465 3258; x_wconf 87' lang='lat' dir='ltr'>graves,</span> <span class='ocrx_word' id='word_1_206' title='bbox 480 3165 541 3258; x_wconf 85' lang='lat' dir='ltr'>qua</span> <span class='ocrx_word' id='word_1_207' title='bbox 554 3199 617 3240; x_wconf 92' lang='lat' dir='ltr'>non</span> <span class='ocrx_word' id='word_1_208' title='bbox 631 3179 752 3254; x_wconf 83' lang='lat' dir='ltr'>incude,</span> <span class='ocrx_word' id='word_1_209' title='bbox 767 3179 919 3250; x_wconf 76' lang='lat' dir='ltr'>catenae?</span> <span class='ocrx_word' id='word_1_210' title='bbox 1122 3247 1125 3254; x_wconf 22' lang='grc' dir='ltr'>Ι</span> 
     </span>
     <span class='ocr_line' id='line_1_30' title="bbox 124 3271 1128 3350; baseline 0.004 -20"><span class='ocrx_word' id='word_1_211' title='bbox 124 3271 279 3332; x_wconf 85' lang='lat' dir='ltr'>Maximus</span> <span class='ocrx_word' id='word_1_212' title='bbox 293 3273 325 3334; x_wconf 93' lang='lat' dir='ltr'>in</span> <span class='ocrx_word' id='word_1_213' title='bbox 339 3275 448 3336; x_wconf 86' lang='lat' dir='ltr'>vinclis</span> <span class='ocrx_word' id='word_1_214' title='bbox 462 3275 533 3336; x_wconf 89' lang='lat' dir='ltr'>ferri</span> <span class='ocrx_word' id='word_1_215' title='bbox 547 3275 666 3350; x_wconf 90' lang='lat' dir='ltr'>modus,</span> <span class='ocrx_word' id='word_1_216' title='bbox 680 3283 716 3336; x_wconf 90' lang='lat' dir='ltr'>ut</span> <span class='ocrx_word' id='word_1_217' title='bbox 730 3276 839 3336; x_wconf 91' lang='lat' dir='ltr'>timeas</span> <span class='ocrx_word' id='word_1_218' title='bbox 853 3295 893 3336; x_wconf 91' lang='lat' dir='ltr'>ne</span> <span class='ocrx_word' id='word_1_219' title='bbox 1082 3287 1128 3335; x_wconf 90' lang='lat'>310</span> 
     </span>
     <span class='ocr_line' id='line_1_31' title="bbox 125 3365 882 3445; baseline 0.009 -20"><span class='ocrx_word' id='word_1_220' title='bbox 125 3365 243 3427; x_wconf 90' lang='lat' dir='ltr'>Vomer</span> <span class='ocrx_word' id='word_1_221' title='bbox 258 3369 390 3445; x_wconf 87' lang='lat' dir='ltr'>deficiat,</span> <span class='ocrx_word' id='word_1_222' title='bbox 404 3391 444 3432; x_wconf 91' lang='lat' dir='ltr'>ne</span> <span class='ocrx_word' id='word_1_223' title='bbox 458 3390 576 3432; x_wconf 88' lang='lat' dir='ltr'>marrae</span> <span class='ocrx_word' id='word_1_224' title='bbox 591 3380 623 3432; x_wconf 86' lang='lat' dir='ltr'>et</span> <span class='ocrx_word' id='word_1_225' title='bbox 637 3372 756 3433; x_wconf 89' lang='lat' dir='ltr'>sarcula</span> <span class='ocrx_word' id='word_1_226' title='bbox 770 3371 882 3433; x_wconf 87' lang='lat' dir='ltr'>desint.</span> 
     </span>
     <span class='ocr_line' id='line_1_32' title="bbox 126 3459 788 3544; baseline 0.015 -26"><span class='ocrx_word' id='word_1_227' title='bbox 126 3459 244 3524; x_wconf 87' lang='lat' dir='ltr'>Felices</span> <span class='ocrx_word' id='word_1_228' title='bbox 258 3485 444 3544; x_wconf 89' lang='lat' dir='ltr'>proavorum</span> <span class='ocrx_word' id='word_1_229' title='bbox 458 3477 575 3542; x_wconf 90' lang='lat' dir='ltr'>atavos,</span> <span class='ocrx_word' id='word_1_230' title='bbox 589 3468 691 3530; x_wconf 87' lang='lat' dir='ltr'>felicia</span> <span class='ocrx_word' id='word_1_231' title='bbox 704 3469 788 3529; x_wconf 88' lang='lat' dir='ltr'>dicas</span> 
     </span>
     <span class='ocr_line' id='line_1_33' title="bbox 128 3554 992 3647; baseline 0.013 -32"><span class='ocrx_word' id='word_1_232' title='bbox 128 3554 264 3636; x_wconf 84' lang='lat' dir='ltr'>Saecula,</span> <span class='ocrx_word' id='word_1_233' title='bbox 280 3581 358 3641; x_wconf 87' lang='lat' dir='ltr'>quae</span> <span class='ocrx_word' id='word_1_234' title='bbox 372 3564 529 3643; x_wconf 90' lang='lat' dir='ltr'>quondam</span> <span class='ocrx_word' id='word_1_235' title='bbox 543 3565 600 3625; x_wconf 92' lang='lat' dir='ltr'>sub</span> <span class='ocrx_word' id='word_1_236' title='bbox 613 3565 739 3647; x_wconf 83' lang='lat' dir='ltr'>regibus</span> <span class='ocrx_word' id='word_1_237' title='bbox 753 3574 846 3647; x_wconf 79' lang='lat' dir='ltr'>atque</span> <span class='ocrx_word' id='word_1_238' title='bbox 860 3563 992 3628; x_wconf 85' lang='lat' dir='ltr'>tribunis</span> 
     </span>
    </p>
   </div>
   <div class='ocr_carea' id='block_1_3' title="bbox 0 0 1319 4168">
    <p class='ocr_par' dir='ltr' id='par_1_3' title="bbox 0 0 1319 4168">
     <span class='ocr_line' id='line_1_34' title="bbox 0 0 1319 4168; baseline 0 0"><span class='ocrx_word' id='word_1_239' title='bbox 0 0 1319 4168; x_wconf 95' lang='lat' dir='ltr'> </span> 
     </span>
    </p>
   </div>
  </div>
 </body>
</html>
