2622 4168
532 411 669 462 SATIRA
691 412 772 459 xm.

141 585 247 666 Atque
262 583 333 644 ideo
348 580 495 666 intrepidi
509 600 709 661 quaecunque
725 579 832 640 altaria
845 587 988 660 tangunt.

141 683 198 744 Est
214 683 292 742 alius
307 689 448 741 metuens
463 698 502 739 ne
518 678 633 739 crimen
649 697 750 758 poena
765 689 926 758 sequatur3
1116 689 1148 736 00

141 780 203 842 Hic
217 788 309 860 putat
324 797 389 838 esse
406 777 480 837 deos
495 785 528 836 et
542 776 669 856 pejerat,
686 786 779 855 atque
792 775 837 835 ita
851 795 972 836 secumz

98 949 100 961 7
140 885 157 914 “
167 877 324 938 Decemat
339 876 545 956 quodcunque
560 874 646 934 volet
660 875 700 934 de
715 893 841 954 corpore
861 883 967 934 nostro

98 969 102 993 ³
140 974 199 1035 Isis
213 984 245 1035 et
259 975 338 1034 irato
352 973 442 1033 feriat
455 992 525 1033 mea
538 972 655 1032 lumina
669 972 768 1046 sistro,

141 1071 321 1132 Dummodo
335 1072 386 1130 vei
400 1090 510 1132 caecus
531 1080 655 1131 teneam
670 1089 747 1150 quos
762 1070 880 1148 abnego
894 1089 1045 1128 nummos.

141 1168 184 1229 Et
198 1168 330 1248 phthisis
344 1177 376 1229 et
390 1169 528 1229 vomicae
542 1177 649 1248 putres
664 1177 696 1228 et
711 1167 873 1227 dimidium
888 1185 957 1226 crus
1116 1180 1147 1226 05

94 1310 99 1320 ,
143 1265 223 1325 Sunt
237 1265 326 1325 tanti.
367 1265 492 1346 Pauper
505 1266 693 1344 locupletem
708 1274 815 1344 optare
829 1263 999 1344 podagram

141 1362 211 1422 Nec
225 1362 349 1422 dubitet
363 1361 474 1436 Ladas,
488 1363 514 1421 si
528 1382 590 1422 non
606 1370 679 1442 eget
692 1361 846 1441 Anticyra
858 1381 916 1420 neo

141 1459 328 1539 Archigene.
370 1459 455 1532 Quid
470 1460 552 1518 enim
567 1459 681 1519 velocis
695 1459 793 1538 gloria
807 1459 932 1538 plantae

142 1556 288 1616 Praestat
302 1565 334 1616 et
348 1557 484 1617 esuriens
499 1554 628 1616 Pisaeae
642 1574 745 1615 ramus
761 1556 882 1616 olivae?

143 1651 192 1713 Ut
206 1653 246 1712 sit
259 1671 372 1732 magna
385 1663 491 1733 tamen
505 1662 589 1712 certe
603 1653 689 1712 lenta
703 1653 748 1711 ira
762 1652 891 1712 deorum
905 1661 961 1711 est.
1102 1666 1146 1712 100

145 1750 178 1810 Si
193 1760 301 1810 curant
314 1750 409 1830 igitur·
423 1759 551 1810 cunctos
565 1750 675 1829 punire
689 1758 837 1808 nocentes

95 1913 97 1918 ,
144 1845 277 1918 Quando
292 1847 331 1907 ad
346 1869 396 1908 me
410 1848 562 1908 venient?
582 1847 637 1907 sed
652 1857 684 1906 et
698 1846 852 1906 exorabile
867 1867 981 1907 numen

143 1943 288 2003 Fortasse
302 1945 458 2022 experiar-3
479 1944 559 2004 solet
573 1944 620 2004 his
634 1943 801 2022 ignoscere.
842 1942 936 2002 Multi

144 2039 353 2100 Committunt
368 2041 478 2100 eadem
493 2040 615 2100 diverso
631 2039 759 2100 crimina
773 2039 856 2114 fato;

142 2137 200 2196 Ille
215 2157 336 2197 crucem
350 2137 473 2197 sceleris
487 2136 622 2217 pretium
636 2136 718 2207 tulit,
732 2136 782 2196 hic
797 2137 965 2197 diadema.”
1089 2151 1143 2206 ,100

144 2232 196 2293 Sic
210 2233 346 2294 animum
361 2234 445 2292 dirae
460 2233 617 2312 trepidum
632 2232 794 2293 formidine
809 2235 916 2312 culpae

143 2329 344 2391 Confirmant.
385 2329 474 2389 Tunc
489 2339 521 2389 te
536 2349 621 2390 sacra
636 2329 675 2388 ad
691 2329 820 2389 delubra
833 2339 996 2390 vocantem

141 2426 314 2500 Praecedit,
328 2428 451 2486 trahere
466 2426 561 2486 immo
577 2428 659 2486 ultro
675 2446 710 2486 ac
725 2445 837 2485 vexare
851 2436 984 2505 paratus.

141 2523 224 2582 Nam
239 2543 334 2601 quum
347 2541 461 2602 magna
475 2524 575 2582 malae
590 2532 729 2602 superest
744 2523 872 2582 audacia
886 2542 1004 2596 causae,

142 2620 439 2681 Credituramultis
453 2619 575 2680 fiducia.
616 2619 748 2679 Mimum
764 2620 829 2699 agit
843 2620 903 2692 ille,
1098 2633 1142 2680 110

141 2716 263 2777 Urbani
277 2718 400 2795 qualem
414 2717 565 2796 fugitivus
580 2736 683 2777 scurra
700 2717 822 2778 Catulli.

141 2812 191 2871 Tu
204 2812 297 2872 miser
310 2813 464 2873 exclamas
479 2824 515 2875 ut
531 2814 678 2875 Stentora
693 2815 816 2874 vincere
830 2815 936 2894 possit,

141 2909 203 2968 Vel
217 2909 321 2988 potius
335 2919 486 2990 quantum
501 2911 656 2972 Gradivus
671 2911 873 2972 Homericus:
893 2919 910 2948 “
920 2911 1030 2984 Audis,

140 3006 161 3066 J
164 3006 293 3085 uppiter,
306 3008 384 3068 haec
397 3025 455 3069 nec
469 3009 555 3069 labra
567 3029 683 3084 moves,
698 3027 792 3088 quum
806 3009 930 3069 mittere
944 3028 1053 3069 vocem

141 3101 301 3162 Debueras
315 3105 366 3164 vei
379 3125 568 3167 marmoreus
582 3107 633 3167 vel
648 3106 785 3166 aeneus?
805 3115 859 3166 aut
873 3125 927 3165 our
1095 3119 1141 3164 115

141 3197 180 3258 In
195 3200 328 3260 carbone
342 3209 398 3262 tuo
413 3203 520 3262 charta
533 3203 585 3282 pia
599 3211 670 3263 tura
683 3204 784 3263 soluta

140 3295 290 3358 Ponimus
305 3306 336 3357 et
351 3307 470 3359 sectum
484 3299 575 3360 vituli
592 3300 681 3380 jecur
695 3301 824 3379 albaque
838 3298 922 3378 porci

140 3392 300 3454 Omenta?
341 3393 390 3455 Ut
404 3395 505 3470 video,
519 3397 640 3456 nullum
654 3395 817 3456 discrimen
830 3393 1006 3455 habendum
1021 3403 1076 3452 est-

139 3488 266 3569 Effigies
279 3489 361 3550 inter
374 3500 493 3552 vestras
506 3489 701 3572 statuamque
712 3489 862 3571 Vagelli.’'
