2622 4168
177 363 219 429 56
482 385 518 432 n.
532 385 637 432 turn
658 385 864 435 Juvenum

175 544 268 608 Iratis
282 548 395 625 dobet3
414 569 473 611 nec
486 550 545 611 erit
557 551 676 612 felicior
689 562 772 614 astro

175 644 296 720 Martis,
310 654 346 706 ut
360 645 393 706 in
406 647 532 727 laqueos
547 667 704 728 nunquam
718 649 846 710 ineidat.
886 648 995 732 Exigit
1010 661 1116 715 autem

174 739 338 802 Interdum
351 741 404 803 ille
418 742 508 803 dolor
520 744 590 822 plus
604 765 696 824 quarn
710 746 761 804 lex
775 746 838 806 ulla
851 746 951 806 dolori
1132 766 1179 813 315

175 837 344 899 concessit.
384 839 486 900 Neoat
499 839 550 899 hie
563 840 652 915 ferro,
666 851 750 902 secat
763 842 815 902 ille
830 843 965 904 cruentis
1010 889 1017 898 .

174 933 372 1010 Verberibus,
388 936 539 1016 quosdam
552 937 697 998 moechos
712 947 743 998 et
757 939 882 1019 mugilis
895 939 1000 1003 intrat.

174 1030 237 1090 Sed
251 1039 324 1092 tuus
338 1030 516 1112 Endymion
531 1033 664 1094 dilectae
677 1035 733 1094 fiet
747 1035 869 1095 adulter

172 1127 353 1188 Matronae:
373 1149 446 1188 mox
461 1150 557 1209 quum
571 1127 692 1191 dederit
709 1130 840 1192 Servilia
853 1153 1003 1208 nummos,

172 1224 244 1285 Fiet
259 1233 291 1284 et
305 1225 387 1286 illius
401 1245 493 1305 quam
508 1245 570 1286 non
586 1237 688 1301 amat3
708 1236 803 1288 exuet
817 1249 939 1289 omnem
1131 1247 1178 1294 320

152 1318 155 1324 ’
174 1322 320 1401 Corporis
334 1331 487 1383 ornatum.
528 1321 613 1395 Quid
628 1323 710 1383 enim
724 1325 787 1384 ulla
801 1325 961 1405 negaverit
975 1327 1045 1388 udis

172 1421 365 1501 Inguinibus,
381 1420 445 1480 sive
461 1428 507 1480 est
522 1419 597 1480 haee
613 1419 713 1501 Oppia
728 1421 792 1482 sivo
808 1422 957 1483 Catulla?

172 1519 317 1579 Deterior
330 1526 415 1578 totos
428 1517 523 1576 habet
537 1516 600 1576 illic
614 1517 729 1577 femina
743 1537 853 1578 mores.

173 1617 236 1678 Sed
251 1625 335 1677 casto
351 1615 425 1696 quid
442 1615 540 1674 forma
554 1615 718 1674 noceti-
730 1615 814 1688 Quid
830 1615 946 1695 profuit
960 1616 1056 1678 immo

172 1715 344 1794 Hippolyto
357 1732 453 1794 grave
467 1713 683 1792 propositum?
703 1713 777 1792 quid
793 1712 1049 1795 Bellerophonti?
1126 1731 1174 1778 325

170 1810 304 1872 Erubuit
319 1831 429 1892 nempe
444 1812 521 1870 haec
535 1831 590 1870 eeu
603 1809 760 1871 fastidita:
782 1813 905 1890 repulsa

170 1909 239 1970 Nee
254 1910 450 1970 Stheneboea
463 1910 564 1969 minus
578 1928 670 1988 quam
686 1908 795 1969 Oressa
809 1909 985 1985 excanduit,
999 1919 1031 1970 et
1045 1929 1077 1970 se

170 2006 359 2068 Concussere
374 2007 491 2066 ambae.
532 2005 645 2066 Mulier
660 2007 837 2066 saevissima
851 2016 927 2067 tuno
941 2016 989 2068 est

169 2104 275 2175 Quum
289 2104 429 2165 stimulos
444 2103 516 2164 odio
530 2105 629 2185 pudor
644 2105 797 2164 admovet.
839 2103 930 2185 Elige
945 2105 1092 2185 quidnam

170 2200 371 2262 Suadendum
387 2221 452 2262 esse
467 2211 558 2282 putes
572 2201 621 2262 cui
636 2202 751 2262 nubere
767 2203 906 2264 Caesaris
920 2223 1000 2263 uxor
1124 2219 1173 2266 330

167 2297 322 2359 Destinat.
363 2297 507 2378 Optimus
521 2299 572 2358 hic
586 2307 618 2359 et
631 2299 867 2362 formosissimus
880 2300 964 2360 idem

168 2395 278 2456 Gentis
292 2395 439 2475 patriciae
453 2397 572 2476 rapitur
587 2396 679 2457 miser
694 2399 938 2477 exstinguendus

167 2492 350 2554 Messalinae
365 2494 479 2555 oculis:
500 2494 619 2554 dudum
634 2494 723 2554 sedet
736 2495 789 2554 illa
802 2505 911 2575 parato

167 2588 336 2665 Flameolo‚
351 2590 525 2672 Tyriusque
535 2592 642 2672 palam
655 2592 786 2672 genialis
800 2593 831 2653 in
846 2592 944 2654 hortis

168 2687 331 2763 Sternitur,
346 2697 378 2749 et
392 2689 454 2749 ritu
470 2689 572 2750 decies
587 2698 718 2749 centena
732 2689 891 2750 dabuntur
1123 2707 1172 2754 335

166 2784 324 2864 Antiqu03
346 2787 451 2846 veniet
466 2806 537 2846 eum
552 2787 759 2866 signatoribus
774 2777 914 2867 suspen*

121 2867 126 2875 ’
166 2879 254 2942 Haeo
268 2890 303 2942 tu
317 2893 435 2944 secreta
451 2893 482 2944 et
496 2883 601 2964 paucis
616 2883 777 2944 commissa
791 2885 930 2962 putabas.

165 2977 240 3038 Non
255 2979 314 3040 nisi
328 2979 465 3060 legitime
479 2981 548 3041 vult
562 2981 687 3041 nubere.
730 2979 814 3053 Quid
828 2981 949 3060 placeat
963 2982 1029 3043 dio:

164 3076 209 3136 Ni
223 3096 329 3156 parere
343 3078 420 3138 velis
434 3079 625 3157 pereundum
640 3077 699 3137 erit
714 3086 786 3138 ante
800 3077 958 3140 lucernas:

166 3175 199 3235 Si
214 3176 313 3236 seelus
327 3175 473 3236 admittas
488 3174 611 3234 dabitur
625 3193 711 3234 mora
725 3175 860 3254 parvula,
876 3175 950 3234 dum
964 3195 1013 3235 res
1122 3192 1171 3239 340

164 3272 251 3334 Nota
265 3273 345 3335 Urbi
360 3282 392 3333 et
405 3272 521 3352 populo
537 3271 698 3350 contingat
712 3271 865 3350 Principis
881 3291 978 3333 aures.

164 3370 309 3432 Dedecus
323 3370 375 3430 ille
390 3370 499 3430 domus
514 3367 591 3428 sciet
605 3367 750 3428 ultimus:
772 3367 891 3428 interea
905 3378 941 3428 tu

164 3466 341 3550 Obsequere
355 3465 501 3547 imperio;
521 3463 561 3525 sit
575 3463 655 3525 tanti
669 3463 734 3524 vita
748 3465 869 3525 dierum
