2622 4168
542 379 675 428 sauma
696 381 734 427 x.
754 356 756 360 ’

137 546 320 607 Paucorum.
362 545 522 628 Quidquid
537 547 646 608 melius
661 547 821 627 leviusque
836 546 962 626 putaris,
991 596 993 600 .

137 642 321 703 Praebenda
335 652 383 704 est
396 644 501 725 gladio
514 645 622 724 pulora
635 645 712 704 haee
727 653 759 704 et
773 643 907 704 eandida
921 643 1035 706 cervix.

177 741 234 800 Nil
247 760 321 821 ergo
336 741 490 820 optabunt
503 741 669 800 homines?
711 740 745 801 Si
760 739 923 800 eonsilium
937 742 993 816 vis,

136 836 306 898 Permittes
319 837 394 918 ipsis
409 839 582 918 expendere
597 837 774 898 numinibus
788 837 863 916 quid

138 933 311 996 Conveniat
325 934 415 996 nobis
428 935 580 1014 rebusque
595 935 636 994 sit
649 934 726 994 utile
741 935 864 996 nostris.

137 1030 223 1090 Nam
235 1049 292 1110 pro
301 1030 448 1110 jucundis
463 1030 621 1110 aptissima
635 1049 775 1110 quaeque
790 1031 909 1092 dabunt
923 1032 964 1092 di.

138 1127 246 1190 Carior
259 1135 306 1187 est
319 1126 379 1186 illis
393 1127 486 1190 homo
501 1147 593 1207 quam
608 1127 675 1187 sibi.
716 1126 785 1189 Nos
800 1128 972 1190 animorum
1093 1144 1140 1190 350

137 1223 278 1305 Impulsu
293 1234 326 1286 et
340 1243 431 1285 eaeoa
444 1243 618 1305 magnaque
633 1224 777 1305 cupidine
793 1226 880 1288 ducti

138 1321 326 1402 Oonjugium
339 1321 474 1402 petimus
488 1330 674 1402 partumque
689 1323 811 1384 uxoris:
833 1334 865 1385 at
883 1324 943 1385 illis
985 1357 991 1366 ·

137 1419 260 1479 Notum
274 1419 327 1499 qui
340 1419 428 1498 pueri
443 1419 601 1500 qualisque
617 1420 720 1480 futura
734 1420 774 1482 sit
788 1441 874 1483 uxor.

137 1515 186 1578 Ut
200 1525 306 1577 tamen
321 1525 353 1576 et
366 1535 475 1596 posoas
489 1516 605 1596 aliquid
619 1536 794 1598 voveasque
809 1519 928 1579 sacellis

137 1613 221 1674 Exta
235 1622 268 1674 et
283 1613 440 1674 candiduli
455 1613 561 1674 divina
574 1615 730 1675 tomacula
744 1615 838 1696 porei,

138 1710 300 1771 Orandum
313 1720 361 1772 est
375 1719 411 1771 ut
426 1711 468 1772 sit
482 1731 569 1773 mens
583 1723 656 1772 sana¹
669 1712 702 1772 in
716 1732 842 1792 eorpore
857 1731 950 1774 sano:

137 1809 267 1870 Fortem
280 1827 374 1888 posoe
390 1809 528 1869 animum
541 1809 649 1870 mortis
663 1819 781 1870 terrore
795 1817 960 1884 carentem,

139 1905 202 1980 Qui
216 1905 350 1988 spatium
364 1905 449 1966 vitae
464 1914 635 1966 extremum
649 1905 731 1966 inter
745 1925 873 1966 munera
886 1914 984 1985 ponat

137 2003 288 2079 Naturae,
305 2002 357 2084 qui
371 2002 450 2062 ferro
466 2011 558 2082 queat
573 2021 769 2082 quoscunque
782 2002 913 2078 labores,

138 2102 267 2164 Nesciat
280 2100 379 2175 irasoi,
395 2099 499 2180 cupiat
513 2099 598 2172 nihil,
611 2107 644 2158 et
658 2099 793 2178 potiores

138 2198 281 2262 Herculis
298 2216 458 2260 aerumnas
473 2195 579 2256 eredat
593 2214 760 2274 saevosque
774 2194 895 2256 labores

137 2299 183 2361 Et
196 2301 319 2359 Venere
334 2305 366 2356 et
383 2295 487 2356 coenis
502 2303 534 2354 et
548 2293 655 2372 pluma
670 2291 881 2372 Sardanapali.

137 2396 280 2458 Monstro
295 2395 379 2476 quod
393 2393 459 2474 ipse
474 2390 531 2452 tibi
544 2389 643 2470 possis
658 2389 747 2448 dare:
768 2388 878 2450 semita
892 2398 975 2450 oerte

138 2494 338 2575 Tranquillae
352 2512 408 2573 per
422 2490 571 2551 virtutem
584 2494 674 2567 patet
687 2485 778 2545 unioa
791 2485 883 2546 vitae.

138 2592 269 2653 Nullum
275 2610 399 2670 ,numen
414 2587 502 2648 abest
515 2585 542 2646 si
556 2584 596 2646 sit
610 2580 798 2643 Prudentia:
818 2590 930 2657 noste,
1025 2607 1026 2610 ¹

137 2687 207 2752 Nos
219 2687 358 2765 faoimus,
373 2685 522 2760 Fortuna,
538 2681 629 2744 deam
643 2679 790 2760 oaeloque
803 2678 949 2740 looamus.
