2646 4170
551 424 688 476 SATIRA
711 425 788 473 XIV.

164 594 219 655 Nil
233 579 367 655 vetitum
381 593 488 657 fecisse
503 594 587 654 volet
601 612 693 672 quem
707 611 769 650 non
783 589 882 670 pudet
896 587 960 648 alto

163 691 225 751 Per·
238 690 371 771 glaciem
384 709 499 768 perone
513 688 588 769 tegi,
602 687 655 768 qui
669 694 843 759 summovet
857 684 957 745 Euros
999 721 1003 729 ‹

162 787 301 848 Pellibus
314 785 452 846 inversis.
494 784 662 865 Peregrina
675 784 842 864 ignotaque
856 781 944 842 nobis

163 884 216 943 Ad
231 884 329 944 scelus
345 891 438 961 atque
454 881 546 955 nefas,
561 899 761 960 quaecunque
776 888 833 952 est,
846 897 982 958 purpura
996 874 1108 940 ducit.’'

164 981 251 1040 Haec
264 980 309 1040 illi
323 989 444 1040 veteres
457 987 623 1057 praccepta
637 976 822 1037 minoribus:
843 983 876 1034 at
889 994 971 1036 nunc

163 1077 240 1138 Post
253 1077 351 1145 finem,
362 1073 503 1136 autumni
516 1073 619 1134 media
633 1073 672 1132 dc
686 1081 778 1133 nocte
793 1071 935 1150 supinum
1123 1085 1169 1132 190

164 1175 323 1236 Clamosus
340 1173 489 1254 juvenem
502 1180 592 1252 pater
608 1168 743 1232 excitat:
765 1169 911 1248 “Accipe
926 1185 1018 1241 ceras,

164 1271 278 1345 Scribe,
292 1290 376 1350 puer,
392 1269 495 1350 vigila,
509 1287 616 1329 causas
632 1285 698 1346 age,
714 1266 838 1346 perlege
854 1265 960 1325 rubras

162 1366 317 1446 Majorum
331 1367 415 1446 leges
430 1373 484 1425 aut
498 1365 595 1426 vitem
610 1383 702 1444 posce
717 1363 836 1425 libelle..

164 1465 226 1524 Sed
242 1475 336 1544 caput
349 1463 500 1525 intactum
513 1463 597 1523 buxo
613 1481 763 1541 naresque
778 1461 890 1540 pilosas

161 1561 305 1621 Annotet
319 1570 351 1621 et
365 1561 497 1641 grandes
512 1560 641 1622 miretur
656 1558 780 1620 Laelius
795 1560 874 1618 alas.-

161 1657 259 1717 Dirue
273 1657 452 1718 Maurorum
468 1657 608 1736 attegias,
624 1656 750 1718 castella
765 1657 960 1736 Brigantum,
992 1661 1005 1686 ⁰

163 1753 210 1814 Ut
224 1755 409 1834 locupletem
424 1754 558 1833 aquilam
571 1753 629 1813 tibi
644 1754 856 1834 sexagesimus
871 1773 969 1813 armus

160 1852 298 1912 Afferat:
320 1859 373 1911 aut
388 1852 497 1931 longos
512 1860 682 1911 castrorum
697 1851 776 1912 ferre
791 1851 910 1911 labores

163 1949 195 2007 Si
210 1949 297 2028 piget
311 1957 343 2008 et
357 1947 515 2027 trepidum
529 1948 654 2010 solvunt
668 1947 727 2009 tibi
740 1967 854 2009 cornua
868 1957 1009 2008 ventrem

50 2069 55 2078 ¹
161 2045 240 2104 Cum
254 2043 339 2104 lituis
354 2043 469 2118 audita,
483 2063 572 2122 pares
588 2043 671 2123 quod
686 2044 820 2106 vendere
836 2042 934 2124 pos'sis

159 2140 262 2200 Pluris
276 2139 414 2215 dimidio,
428 2161 485 2200 nec
500 2150 532 2200 te
546 2140 673 2201 fastidia
686 2141 795 2202 mercis

159 2237 264 2298 Ullius
278 2239 409 2298 subeant
424 2238 615 2317 ablegandae
631 2236 768 2298 Tiberim
783 2239 872 2312 ultra,

159 2334 232 2393 Neu
247 2333 353 2394 credas
367 2334 548 2413 ponendum
563 2334 681 2414 aliquid
696 2335 880 2406 discriminis
894 2334 975 2396 inter·

159 2429 332 2510 Unguenta
346 2439 378 2490 et
393 2429 518 2491 corium.
559 2429 653 2490 Lucri
666 2431 765 2490 bonus
780 2440 827 2490 est
842 2431 920 2491 odor
934 2451 972 2492 ex
986 2450 1018 2492 re

160 2525 316 2596 Qualibet.
356 2525 416 2586 Illa
430 2536 485 2586 tuo
500 2526 656 2587 sententia
670 2545 790 2605 semper
804 2527 836 2586 in
851 2547 902 2587 ore

159 2619 311 2686 Versetur
325 2621 372 2682 dis
387 2631 480 2701 atque
494 2621 561 2702 ipso
575 2621 656 2682 Jove
671 2622 766 2700 digna
781 2631 907 2700 poetae:

159 2715 254 2777 Unde
268 2717 382 2778 habeas
396 2718 516 2798 quaerit
531 2738 631 2792 nemo,
646 2718 701 2778 sed
716 2727 838 2797 oportet
852 2717 999 2778 habere*

160 2811 230 2873 Hoc
244 2824 418 2876 monstrant
432 2815 556 2874 vetulae
570 2815 674 2894 pueris
689 2815 866 2895 repentibus
882 2834 984 2889 assae3

159 2909 229 2968 Hoc
244 2910 367 2971 discunt
382 2931 488 2971 omncs
504 2921 576 2971 ante
591 2912 683 2990 alpha
697 2922 729 2970 et
742 2912 816 2971 beta
829 2911 959 2990 puellae.

159 3006 286 3066 Talibus
300 3007 469 3068 instantem
483 3008 609 3068 monitis
624 3015 836 3087 quemcunque
850 3018 1011 3087 parentem
1119 3051 1133 3068 a

160 3103 212 3163 Sic
225 3123 347 3183 possem
363 3104 463 3164 affari:
484 3103 552 3178 Die,
567 3125 586 3163 o
600 3105 772 3177 vanissime,
787 3105 855 3184 quis
868 3113 900 3164 te

158 3198 319 3259 Festinare
335 3198 451 3278 jubet?
471 3192 633 3261 meliorem
644 3210 768 3282 praesto
781 3201 930 3281 magistro

158 3295 361 3375 Discipulum.
405 3296 538 3358 Securus
553 3298 611 3374 abi,
626 3299 766 3372 vinceris,
780 3308 816 3357 ut
831 3297 913 3378 Ajax

158 3390 323 3452 Praeteriit
338 3393 548 3470 Telamonem,
563 3404 599 3455 ut
612 3396 707 3456 Pelea
721 3394 797 3454 vicit
811 3394 957 3455 Achilles.

157 3487 353 3550 Parcendum
369 3499 416 3551 est
429 3491 564 3567 teneris3
585 3492 724 3553 nondum
741 3491 906 3569 implevere
921 3490 1072 3552 medullas
1117 3505 1164 3550 215

157 3585 301 3646 Maturae
315 3587 396 3647 mala
409 3586 575 3668 nequitiae.
616 3586 721 3660 Quum
735 3595 857 3666 pectere
872 3587 999 3646 barbam
