2622 4168
511 388 647 438 SATIRA
668 390 705 436 X.
801 401 805 409 ·

128 559 287 620 Bellorum
303 577 417 637 pompa
432 557 566 616 animam
581 556 754 616 exhalasset
769 555 913 636 opimam,

129 657 234 728 Quum
249 656 288 714 de
303 654 585 736 Teutonicovellet
600 653 784 712 descendere
799 653 913 713 curru?

127 755 264 814 Provida
278 751 428 831 Pompeio
444 750 571 810 dederat
587 750 755 828 Campania
768 750 868 809 febres

128 852 307 932 Optandase
329 849 383 910 sed
399 849 515 908 multae
531 847 621 907 urbes
636 857 668 908 et
687 847 809 926 publica
824 855 899 906 vota

126 948 287 1009 Viderunt.
329 947 430 1028 Igitur
445 944 584 1005 Fortuna
598 943 694 1023 ipsius
709 954 741 1003 et
755 943 865 1015 Urbis,
1082 958 1131 1005 285

128 1045 292 1106 Servatum
306 1047 390 1105 victo
406 1052 499 1123 caput
515 1042 651 1102 abstulit.
695 1040 766 1100 Hoc
780 1041 917 1100 cruciatu

126 1143 285 1217 Lentulus,
299 1143 357 1202 hac
371 1160 472 1222 poena
487 1139 594 1213 caruit,
610 1139 782 1219 ceciditque
797 1137 954 1218 Cethegus

125 1239 260 1320 Integer,
275 1249 307 1300 et
316 1239 416 1320 jacuit
432 1238 567 1300 Catilina
581 1236 731 1296 cadavere
745 1245 822 1296 tote.

165 1336 312 1399 Formam
327 1347 415 1418 optat
430 1337 553 1397 modico
568 1335 680 1415 pueris,
694 1321 933 1415 majore'puellis

124 1423 294 1508 Murmure,
309 1455 404 1514 quum
418 1434 552 1494 Veneris
566 1433 671 1496 fanum
687 1433 774 1493 videt
790 1433 882 1493 anxia
896 1442 1002 1508 mater,
1084 1448 1131 1495 290

124 1532 234 1613 Usque
249 1533 288 1590 ad
303 1532 428 1592 delicias
443 1541 596 1592 votorum.
638 1530 728 1591 “Cur
742 1529 873 1606 tamen‚’'
889 1531 998 1611 inquit,

125 1636 144 1666 “
154 1629 334 1708 Corripias?
375 1629 511 1689 Pulchra
524 1628 640 1707 gaudet
654 1627 776 1688 Latona
789 1628 916 1689 Diana.”

126 1726 189 1786 Sed
203 1734 289 1786 vetat
304 1726 405 1805 optari
419 1726 529 1785 faciem
547 1723 692 1786 Lucretia
706 1727 827 1804 qualem

124 1822 198 1902 Ipsa
210 1816 338 1882 habuit}
358 1832 484 1902 cuperet
499 1821 627 1882 Rutilae
641 1821 785 1902 Virginis
799 1822 927 1902 gibbum

123 1919 275 1999 Accipere
290 1917 383 1999 atque
397 1939 483 1988 suam
498 1918 624 1979 Rutilae
640 1919 726 1979 dare:
763 1919 862 1981 Filius
877 1929 981 1980 autem
1081 1935 1129 1982 295

125 2016 270 2096 Corporis
285 2016 402 2096 egregii
415 2016 542 2076 miseros
556 2016 754 2096 trepidosque
768 2027 910 2096 parentes

126 2113 255 2192 Semper
267 2113 370 2173 habet.
411 2112 494 2195 Rara
509 2123 556 2174 est
571 2114 648 2174 adeo
663 2115 827 2174 concordia
841 2115 956 2175 formae

124 2210 230 2288 Atque
243 2210 420 2288 pudicitiae.
465 2210 596 2270 Sanctos
610 2210 683 2272 licet
697 2211 820 2270 horrida
834 2231 935 2271 mores

124 2305 303 2366 Tradiderit
318 2306 428 2366 domus
442 2325 478 2366 ac
492 2317 612 2367 veteres
626 2307 747 2368 imitata
763 2308 901 2383 Sabinos,
1006 2314 1010 2321 “

124 2403 292 2462 Praeterea
306 2413 426 2463 castum
439 2403 598 2483 ingenium
613 2405 796 2484 vultumque
811 2407 952 2466 modesto
1081 2421 1127 2467 300

125 2500 283 2579 Sanguine
298 2500 469 2560 ferventem
484 2501 601 2561 tribuat
615 2511 726 2561 natura
739 2502 874 2582 benigna

123 2597 226 2676 Larga
239 2617 351 2656 manu:
375 2597 463 2676 (quid
478 2598 561 2658 enim
575 2619 670 2678 puero
686 2599 823 2660 conferre
838 2609 941 2678 potest
955 2603 1024 2682 plus

124 2692 262 2751 Custode
278 2700 309 2752 et
324 2711 397 2751 cura
410 2701 521 2752 natura
534 2693 691 2771 potentior
705 2693 824 2772 omnif)

122 2788 197 2847 Non
211 2787 286 2848 licet
300 2807 365 2848 esse
381 2788 470 2860 viros,
485 2809 556 2852 nam
575 2789 705 2869 prodiga
719 2791 906 2869 corruptoris

122 2884 310 2964 Improbitas
324 2885 407 2963 ipsos
421 2885 515 2944 audet
529 2895 681 2965 temptare
697 2898 849 2966 parentes.
1079 2906 1126 2954 305

122 2982 226 3041 Tanta
238 2981 271 3041 in
286 2981 462 3042 muneribus
476 2981 605 3042 fiducia!
647 2982 761 3044 Nullus
776 2985 928 3064 ephebum

121 3079 300 3139 Deformem
316 3098 408 3138 saeva
422 3080 570 3140 castravit
587 3079 619 3138 in
635 3100 703 3140 arce
718 3089 886 3160 tyrannus3

122 3176 192 3236 Neo
204 3162 435 3255 praetextatum
449 3177 552 3256 rapuit
568 3177 654 3238 Nero
669 3179 840 3258 loripedem
855 3200 912 3240 nec

123 3273 319 3333 Strumosum
334 3283 426 3353 atque
442 3285 531 3336 utero
544 3276 660 3356 pariter
673 3276 829 3357 gibboque
843 3286 1025 3339 tumentem.

122 3369 139 3428 I
153 3390 235 3429 nunc
249 3379 281 3430 et
291 3371 416 3450 juvenis
430 3373 531 3452 specie
545 3374 659 3434 laetare
674 3374 729 3447 tui,
746 3395 837 3454 quem
955 3377 958 3384 '
1079 3390 1125 3436 310

121 3466 242 3546 Majora
256 3477 437 3548 exspectant
451 3470 645 3532 discrimina:
666 3471 720 3532 fiet
736 3471 857 3532 adulter

121 3563 279 3640 Publicus,
295 3574 327 3626 et
340 3585 455 3647 poenas
468 3576 596 3642 metuet,
611 3587 808 3648 quascunque
822 3569 941 3630 maritis
