2622 4168
551 409 687 458 SATIRA
711 410 775 458 VII.

186 578 220 639 Si
234 588 344 659 quater
357 578 457 658 egisti.
499 577 534 638 si
547 575 680 656 contigit
697 594 806 636 aureus
821 595 909 651 unus,

184 675 263 736 Inde
278 677 393 736 cadunt
407 685 509 755 partes
523 695 562 734 ex
574 674 698 734 foedere
712 674 981 753 pragmaticorum.

184 772 319 833 Aemilio
333 772 457 832 dabitur
470 780 621 850 quantum
635 770 719 844 libet,
734 780 766 831 et
780 770 889 832 melius
903 791 960 833 nos

184 869 330 949 Egimus:
351 868 441 948 hujus
455 868 538 928 enim
552 876 615 927 stat
629 886 735 927 currus
749 887 872 942 aeneus,
887 869 942 929 alti
1144 885 1190 930 125

185 965 392 1046 Quadrijuger
406 965 436 1024 in
453 963 622 1038 vestibulis,
639 973 732 1044 atque
746 965 812 1045 ipse
826 966 920 1027 feroci

184 1063 341 1125 Bellatore
356 1061 466 1123 redens
481 1070 644 1122 curvatum
658 1062 770 1122 hastile
784 1063 921 1132 minatur

185 1160 315 1221 Eminns
329 1168 361 1220 et
376 1168 479 1220 statua
492 1159 661 1219 meditatur
674 1159 791 1239 proelia
804 1161 898 1221 lusca.
952 1190 954 1194 ·

186 1257 237 1318 Sic
250 1256 339 1318 Pedo
354 1257 527 1331 conturbat,
541 1255 652 1316 Matho
668 1255 789 1332 deficit3
812 1258 914 1318 exitus
927 1256 978 1317 hic
992 1265 1039 1318 est

186 1354 332 1435 Tongilli,
346 1374 460 1435 magno
478 1374 549 1415 oum
563 1354 757 1414 rhinocerote
772 1355 869 1414 lavari

186 1451 249 1525 Qui
263 1453 341 1513 solet
356 1461 388 1512 et
402 1461 496 1513 vexat
509 1453 666 1512 lutulenta
679 1453 790 1513 balnea
804 1454 895 1514 turba

185 1549 307 1628 Perque
322 1549 421 1610 forum
431 1550 564 1630 juvenes
578 1550 673 1630 longo
687 1549 800 1629 premit
814 1569 913 1610 assere
927 1549 1048 1625 Medos,
1060 1562 1063 1568 '

184 1646 354 1726 Empturus
368 1666 489 1725 pueros,
504 1656 677 1727 argentum,
691 1647 836 1721 murrina,
851 1647 940 1708 villas
948 1666 957 1723 3

186 1743 327 1822 Spondet
341 1743 424 1802 enim
438 1743 534 1822 Tyrio
548 1743 688 1804 stlataria
701 1763 837 1823 purpura
849 1742 912 1804 filo,

184 1840 228 1901 Et
241 1849 345 1900 tamen
360 1849 408 1900 est
421 1840 481 1901 illis
495 1841 555 1924 hoc
568 1841 663 1901 utile:
684 1858 820 1920 purpura
833 1839 944 1900 vendit

186 1937 392 2013 Causidicum,
406 1938 548 1998 vendunt
562 1937 788 2016 amethystina:
809 1936 955 1998 convenit
968 1936 1030 1998 illis

184 2035 228 2096 Et
243 2035 374 2115 strepitu
389 2043 421 2096 et
434 2035 512 2095 facie
525 2034 650 2114 majoris
664 2035 767 2094 vivere
783 2053 900 2094 census.

187 2133 250 2194 Sed
264 2133 357 2192 finem
371 2133 529 2211 impensae
544 2153 607 2192 non
622 2140 725 2192 servat
739 2131 869 2212 prodiga
882 2131 992 2192 Roma.

185 2230 326 2291 Fidimus
341 2229 487 2310 eloquio?
529 2229 672 2292 Ciceroni
686 2249 780 2290 nemo
795 2229 944 2290 ducentos

185 2329 280 2389 Nunc
293 2329 414 2391 dederit
429 2349 571 2390 nummos
585 2327 644 2387 nisi
658 2327 777 2387 fulserit
792 2327 922 2386 annulus
936 2326 1054 2406 ingens.
1145 2340 1191 2386 140

185 2426 325 2507 Respicit
339 2429 415 2489 haec
429 2427 564 2508 primum
578 2425 631 2505 qui
645 2424 757 2504 litigat,
772 2443 810 2484 an
825 2423 882 2484 tibi
897 2424 977 2484 servi

187 2525 277 2600 Octo,
293 2526 400 2586 decern
415 2524 552 2598 comites,
568 2543 607 2582 an
621 2530 739 2601 postte
753 2522 836 2595 sella,
851 2520 951 2600 togati

185 2624 272 2683 Ante
286 2622 389 2703 pedes.
431 2622 508 2683 Ideo
523 2622 678 2682 conducta
692 2618 820 2678 Paullus
834 2618 947 2697 agebat

187 2719 395 2800 Sardonyche,
411 2729 504 2800 atque
518 2719 589 2780 ideo
604 2716 700 2798 pluris
716 2734 808 2795 quam
824 2715 936 2776 Cossus
951 2715 1071 2796 agebat,

187 2817 289 2889 Quam
304 2817 434 2877 Basilus.
475 2815 559 2877 Rara
571 2816 604 2876 in
619 2814 706 2875 tenui
720 2811 864 2897 facundia
877 2832 989 2891 panno.

187 2914 320 2986 Quando
335 2915 408 2975 licet
423 2913 527 2974 Basilo
541 2913 667 2995 flentem
681 2912 851 2992 producere
865 2910 1019 2970 matrem?

187 3011 265 3083 Quis
278 3011 357 3070 bene
373 3010 529 3070 dicentem
543 3009 681 3070 Basilum
695 3007 796 3068 ferat?
838 3006 982 3087 Accipiat
999 3015 1031 3066 te

163 3158 165 3162 .
186 3107 288 3168 Gallia
301 3107 350 3167 vel
365 3106 468 3186 potius
481 3105 635 3166 nutricula
649 3105 872 3167 causidicorum

185 3204 301 3278 Africa,
316 3202 341 3264 si
355 3203 470 3283 placuit
483 3203 658 3262 mercedem
671 3203 828 3282 imponere
842 3203 976 3282 linguae.

226 3298 408 3360 Declamare
423 3297 537 3359 doces?
578 3298 606 3358 O
620 3299 718 3358 ferrea
731 3286 857 3379 pectora
871 3297 973 3373 Vetti,
1145 3311 1192 3356 150

73 3447 77 3454 .
187 3394 291 3468 Quum
305 3396 430 3476 perimit
444 3415 552 3456 saevos
567 3396 671 3456 classis
686 3415 849 3456 numerosa
862 3395 1028 3475 tyrannos!

187 3491 271 3552 Nam
285 3510 485 3571 quaecunque
500 3490 610 3552 sedens
624 3493 718 3551 modo
731 3492 848 3570 legerat
863 3492 939 3553 haec
953 3492 1062 3554 eadem
1077 3501 1162 3554 stans

187 3587 327 3650 Perferet
342 3597 434 3668 atque
449 3587 558 3648 eadem
572 3587 710 3648 cantabit
723 3587 861 3648 versibus
875 3588 983 3649 isdem.

681 3686 696 3733 3
