2622 4168
142 366 183 432 20
445 381 600 431 D.JUN11
620 381 827 430 auvnxmrs

142 549 311 609 Servabat:
332 557 437 608 tamen
451 548 501 608 hic
515 559 660 628 properat
675 550 761 610 velut
775 556 889 630 urgeat
898 548 1032 608 Auster:
1114 546 1122 553 ’

141 646 248 725 thue
262 647 346 706 lacus
361 644 515 718 suberant,
532 645 584 704 ubi
599 665 775 726 quanquam
789 645 892 706 diruta
905 654 1009 706 servat
1111 659 1144 708 60

140 743 251 826 Ignem
265 740 434 823 Trojanum
447 753 479 802 et
493 742 624 804 Vestam
639 746 714 804 colit
727 745 811 805 Alba
825 744 984 818 minorem,

140 841 272 902 Obstitit
285 841 415 902 intranti
428 840 567 900 miratrix
582 842 674 902 turba
686 847 861 922 parumper]
960 898 963 904 ,

140 939 188 1002 Ut
203 940 303 1013 cessit,
317 938 399 998 sacili
413 947 582 1018 patuerunt
596 939 720 1002 cardine
736 942 864 1016 valvae3

138 1038 266 1100 Exclusi
280 1047 422 1119 spectant
437 1039 571 1101 admissa
585 1042 713 1103 obsonia
727 1042 845 1104 Patres.

138 1138 209 1198 Itur
222 1138 261 1198 ad
276 1138 418 1220 Atriden.
459 1138 541 1198 Tum
555 1139 675 1216 Picens,
690 1141 857 1221 “Accipe”
871 1142 960 1217 dixit,

139 1243 155 1274 ‘⁴
166 1235 301 1296 Privatis
314 1236 431 1315 majora
444 1236 537 1298 focis:
559 1238 688 1318 genialis
703 1251 812 1320 agatur

138 1335 202 1396 Iste
217 1336 301 1396 dies:
323 1339 453 1416 prdpera
467 1339 659 1398 stomachum
673 1339 775 1398 laxare
790 1339 912 1419 saginis,

138 1432 251 1494 Ettua
264 1444 421 1493 servatum
435 1453 580 1493 consume
594 1435 627 1494 in
641 1435 744 1495 secula
757 1436 929 1497 rhombum.
992 1442 994 1446 ‘

137 1530 209 1612 Ipse
224 1531 292 1610 oapi
306 1529 430 1592 voluit.”
474 1529 558 1602 Quid
573 1531 731 1610 apertius?
752 1542 783 1592 et
797 1541 902 1593 tamen
916 1531 962 1592 illi

139 1628 314 1709 Surgebant
328 1628 446 1689 cristae.
487 1627 576 1687 Nihil
590 1637 637 1689 est
651 1629 735 1709 quod
749 1631 872 1690 credere
887 1630 926 1690 de
940 1647 972 1690 se

137 1725 211 1786 Non
225 1725 321 1806 possit
336 1744 431 1805 quum
444 1725 589 1786 laudatur
602 1725 650 1786 dis
665 1745 763 1807 aequa
776 1736 922 1806 potestas.

127 1825 200 1898 ¹Sed
216 1825 322 1886 deerat
335 1825 410 1905 pisci
423 1824 548 1905 patinae
562 1844 712 1886 mensura.
753 1824 917 1886 Vocantur

137 1921 221 2002 Ergo
235 1920 268 1980 in
282 1921 443 1982 consilinm
456 1941 606 2001 proceres,
621 1943 698 2003 quos
712 1923 820 1998 oderat
833 1923 894 1998 ille,

136 2018 175 2080 In
190 2038 321 2099 quorum
333 2018 410 2078 facie
424 2018 552 2079 miserae
566 2039 756 2100 magnaeque
771 2020 899 2080 sedebat
935 2079 936 2082 ,
1035 2063 1036 2068 η

137 2117 243 2177 Pallor
257 2115 417 2177 amicitiae.
458 2116 582 2176 Primus
597 2117 748 2177 clamante
762 2116 904 2178 Liburno·

136 2221 153 2252 ‘⁴
164 2214 293 2288 Currite,
308 2213 375 2293 jam
389 2213 470 2274 sedit
480 2214 487 2273 l
498 2212 624 2294 ”·rapta
636 2215 820 2294 properabat
835 2215 936 2274 abolla

135 2311 283 2392 Pegasus,
298 2310 448 2372 attonitae
462 2311 581 2391 positus
595 2311 688 2371 modo
702 2312 824 2372 villicus
837 2310 928 2373 Urbi.

136 2409 229 2469 Anne
244 2409 326 2469 aliud
341 2418 416 2471 tunc
429 2408 600 2489 praefecti?
621 2428 752 2489 quorum
766 2409 900 2489 optimus
914 2417 1007 2489 atque

134 2505 292 2588 Interpres
306 2507 410 2587 legum
425 2505 650 2581 sanctissimum
671 2505 775 2566 omnia
789 2525 964 2586 quanquam

135 2603 338 2685 Temporibus
353 2604 426 2664 diris
439 2603 604 2665 tractanda
618 2604 748 2682 putabat
759 2602 869 2663 inermi
953 2639 955 2644 ·

134 2701 156 2763 J
158 2702 272 2763 ustitia.
312 2701 410 2763 Venit
424 2709 457 2762 et
472 2700 573 2780 Crispi
585 2701 726 2781 jucunda
739 2710 889 2774 senectus,

136 2800 232 2880 Cujus
247 2808 335 2860 erant
349 2819 449 2879 mores
463 2798 561 2878 qualis
575 2796 728 2869 facundia,
742 2796 818 2856 mite

134 2896 307 2982 Ingenium.
347 2895 448 2956 Maria
462 2915 498 2955 ao
511 2903 609 2954 terras
623 2894 814 2973 populosque
828 2894 949 2974 regenti

135 2995 213 3067 Quis
227 3015 330 3056 comes
344 2993 456 3067 utilior,
471 2991 497 3052 si
511 2992 599 3053 clade
614 3000 646 3051 et
659 2998 746 3070 peste
761 2990 817 3050 sub
831 2990 884 3050 illa

135 3091 304 3153 Saevitiam
318 3090 464 3150 damnare
478 3100 510 3151 et
524 3090 689 3149 honestum
704 3087 809 3146 afferro
824 3088 931 3148 liceret

135 3188 326 3251 Consilium?
368 3185 430 3246 Sed
445 3186 519 3266 quid
534 3183 700 3246 violentius
714 3203 786 3244 aure
800 3186 933 3263 tyranni,

135 3285 214 3345 Cum
228 3305 289 3364 quo
304 3285 342 3344 de
357 3284 468 3364 pluviis
479 3275 537 3343 ¹aut
552 3283 686 3343 aestibus
701 3292 755 3343 aut
769 3265 908 3343 nimboso

133 3380 217 3442 Vere
231 3381 365 3442 locuturi
377 3380 477 3440 fatum
490 3380 646 3460 pendebat
661 3380 774 3467 amici?

134 3476 191 3537 Ille
205 3478 301 3557 igitur
314 3497 473 3557 uunquam
487 3477 600 3538 direxit
613 3477 737 3538 brachia
751 3487 858 3538 contra

133 3573 325 3650 Torrentem,
339 3593 398 3635 neo
412 3574 487 3636 civis
502 3583 568 3634 erat
579 3575 635 3655 ‘qui
649 3575 745 3634 libera
758 3585 863 3655 posset
