2622 4168
541 408 677 458 SATIRA
699 411 724 458 Ι.

129 575 275 656 Sportula
289 577 363 657 quid
377 577 496 653 referat,
512 586 663 658 quantum
676 576 846 638 rationibus
862 577 967 651 addat,

128 672 212 744 Quid
227 674 340 735 facient
355 674 491 749 comites,
507 675 616 753 quibus
630 674 702 733 hinc
716 683 798 753 toga,
813 675 933 734 calceus
947 673 1019 758 hinc
1033 681 1081 734 000

126 769 170 830 Et
183 771 271 850 panis
286 771 447 849 fumusque
462 771 570 831 domi?
611 771 802 830 Densissima
816 780 942 830 centum
1083 783 1130 830 100

127 867 324 939 Quadrantes
338 869 448 928 lectica
460 869 550 948 petit,
565 868 762 947 sequiturque
777 868 923 926 maritum

126 963 289 1044 Languida
303 965 351 1024 vel
367 984 538 1044 praegnans
553 975 585 1024 et
600 964 839 1024 circumducitur
853 984 938 1023 uxor.
970 954 972 958 ¹

127 1059 189 1120 Hio
202 1061 283 1140 petit
297 1060 425 1134 absenti,
440 1071 515 1121 nota
530 1061 596 1140 jam
611 1061 740 1121 callidus
753 1070 830 1134 arte,

127 1156 303 1216 Ostendens
317 1177 447 1222 vacuam
462 1167 494 1218 et
508 1158 643 1218 clausam
656 1178 711 1237 pro
726 1157 856 1236 conjuge
871 1158 985 1217 sellam.
1178 1235 1180 1240 Ι

128 1259 144 1288 “
155 1252 244 1311 Galla
258 1273 327 1312 mea
341 1252 413 1327 est‚”
427 1254 529 1333 inquit
539 1274 550 1328 ;Ι
570 1261 586 1291 “
595 1254 685 1314 citius
700 1253 841 1326 dimitte;
862 1252 1015 1314 moraris.”
1085 1268 1131 1314 125

19 1390 21 1394 -
127 1356 143 1386 “
152 1349 268 1424 Profer,
283 1351 379 1425 Galla,
394 1351 514 1432 caput.''
556 1351 659 1412 “Noli
673 1371 793 1425 vexare,
810 1351 965 1430 quiescit.’'

93 1481 94 1484 =
126 1446 197 1526 lpse
212 1447 277 1507 dies
292 1449 396 1526 pulcro
411 1449 612 1528 distinguitur
626 1449 733 1509 ordine
748 1469 868 1508 rerum:

127 1543 280 1623 Sportula,
295 1545 407 1604 deinde
421 1545 529 1619 forum,
546 1545 685 1625 jurisque
698 1547 815 1626 peritus
829 1545 944 1625 Apollo

126 1640 231 1720 Atque
246 1641 455 1720 triumphales,
469 1641 551 1702 inter·
565 1662 641 1722 quas
658 1662 749 1702 ausus
763 1643 877 1702 habere

125 1738 239 1797 Nescio
254 1737 322 1816 quis
337 1738 444 1798 titulos
459 1737 635 1818 Aegyptius
651 1748 725 1818 atqu
757 1740 960 1820 Arabarches,
1084 1753 1129 1800 130

127 1834 222 1913 Cujus
236 1835 276 1892 ad
291 1833 422 1912 effigiem
437 1855 499 1894 non
515 1843 637 1922 tantum
651 1759 765 1896 11101ξο
779 1829 823 1895 fas
838 1845 894 1895 est.
948 1853 959 1880 1

124 1930 295 1991 Vestibulis
310 1932 425 1992 abeunt
439 1939 559 1991 veteres
573 1931 705 2011 lassique
721 1932 848 1992 clientes

124 2027 270 2108 Votaque
285 2018 453 2108 deponunt,
469 2049 643 2108 quanquam
657 2029 835 2110 longissima
850 2049 964 2090 coenae

126 2126 202 2206 Spes
216 2127 353 2188 homini:
365 2127 460 2188 caulis
474 2126 591 2188 miseris
606 2137 698 2207 atque
713 2127 795 2208 ignis
810 2127 966 2190 emendus.

124 2224 253 2306 Optima
266 2226 413 2307 silvarum
426 2227 545 2287 interea
558 2226 720 2306 pelagique
736 2226 857 2286 vorabit
1080 2241 1127 2288 135

123 2321 194 2382 Rex
208 2325 326 2397 horum,
341 2324 506 2404 vacuisque
521 2325 597 2384 toris
612 2333 735 2384 tantum
749 2325 814 2404 ipse
831 2323 957 2405 jacebit,

123 2419 157 2479 N
158 2416 207 2480 am
222 2421 261 2480 de
275 2429 324 2481 tot
338 2421 452 2500 pulcris
467 2430 498 2481 et
512 2421 583 2482 latis
599 2422 722 2481 orbibus
737 2431 848 2482 ettam

123 2516 271 2596 Antiquis
285 2539 346 2578 una
360 2518 727 2600 comedunt'patrimonia
740 2539 854 2578 mensa.

123 2612 238 2674 Nullus
253 2613 320 2692 jam
333 2614 485 2694 parasitus
500 2615 577 2675 erit:
599 2615 654 2675 sed
669 2615 735 2694 quis
750 2616 827 2675 ferat
841 2615 916 2676 istas

122 2709 277 2769 Luxuriae
292 2711 419 2770 sordes?
460 2711 586 2782 Quanta
600 2721 647 2771 est
661 2712 733 2790 gula
748 2731 825 2790 quae
841 2711 898 2771 sibi
911 2720 996 2773 totos
1079 2729 1126 2776 140

122 2804 218 2865 Ponit
233 2825 329 2885 aproS,
345 2807 459 2865 animal
473 2818 600 2887 propter
615 2807 756 2868 convivia
770 2809 896 2868 natum!

122 2902 230 2961 Poena
243 2912 348 2962 tamen
363 2923 514 2981 praesens,
530 2924 625 2983 quum
640 2913 675 2963 tu
691 2904 819 2985 deponis
835 2907 967 2967 amictus

122 2999 277 3078 Turgidus
292 3008 324 3059 00
338 3000 467 3059 crudum
481 3019 635 3079 pavonem
649 3002 681 3059 in
694 3001 804 3062 balnea
817 3013 931 3082 portas.

121 3095 337 3154 Hincsubitae
351 3105 467 3156 mortes
481 3107 573 3174 atque
587 3097 736 3157 intestata
750 3109 900 3160 senectus
1031 3087 1033 3090 ’

121 3191 153 3251 Ιο
168 3211 249 3250 nova
262 3211 320 3251 nec
334 3192 429 3252 tristis
443 3212 498 3271 per
508 3201 638 3253 cunctas
653 3193 756 3252 fabula
770 3213 898 3255 coenas:
1077 3211 1124 3256 145

120 3287 255 3347 Ducitur
268 3287 353 3348 iratis
368 3288 577 3367 plaudendum
592 3289 683 3350 funus
699 3291 812 3352 amicis.

160 3383 216 3444 Nil
231 3384 290 3443 erit
304 3384 431 3445 ulterius
446 3385 529 3464 quod
543 3385 655 3445 nostris
670 3388 805 3448 moribus
820 3389 916 3450 addat

120 3480 308 3555 Posteritas3
329 3482 438 3540 eadem
452 3481 578 3561 cupient
591 3481 766 3563 facientque
781 3486 931 3561 minores3

120 3576 222 3638 Omne
235 3576 269 3636 in
282 3577 443 3658 praecipiti
456 3576 568 3638 vitium
582 3579 678 3638 stetit.
719 3579 818 3642 Utere
832 3582 918 3656 velis,
953 3637 955 3641 .
