2646 4170
537 420 674 471 sarran
695 422 759 471 xv.
1104 401 1145 467 91

142 594 191 654 De
207 593 380 671 Corcyraea
394 600 545 652 temetum
560 589 693 649 duxerat
707 607 802 662 urna3
1113 600 1146 646 25

144 690 234 754 Solus
249 689 331 748 enim
344 689 405 750 hoc
420 687 546 748 Ithacus
559 687 645 746 nullo
660 685 717 746 sub
731 693 813 745 teste
828 684 966 744 canebat.

59 856 61 860 .
141 787 209 847 Nos
223 785 365 846 miranda
380 783 504 864 quidem
519 783 574 843 sed
589 801 687 861 nuper
702 781 835 842 Consule
849 779 871 840 J
873 780 945 840 unio
972 811 974 816 v

141 885 238 944 Gesta
252 903 343 962 super
358 881 475 941 calidae
490 879 655 940 referemus
671 877 793 938 moenia
808 877 909 955 Copti,

142 981 210 1041 Nos
224 979 312 1060 vulgi
326 978 425 1040 scelus
440 987 472 1038 et
487 975 607 1038 cunctis
620 974 763 1054 graviora
781 963 947 1034 cothurnis.

142 1077 347 1146 Namsoelus,
362 1094 381 1134 a
395 1073 516 1154 Pyrrha
527 1089 704 1152 quanquam
719 1069 822 1130 omnia
836 1078 971 1148 syrmata
985 1071 1101 1146 volvas,
1117 1086 1146 1132 30

142 1175 256 1234 Nullus
270 1173 350 1252 apud
367 1172 502 1252 tragicos
517 1169 649 1249 populus
664 1166 746 1226 facit.
789 1165 907 1244 Accipe
921 1175 1027 1227 nostro
1076 1231 1078 1236 ,

141 1271 218 1330 Dira
233 1270 316 1350 quod
331 1269 506 1347 exemplum
520 1260 627 1326 feritas
641 1262 824 1344 produxerit
839 1281 924 1322 aevo.
944 1347 948 1352 .

182 1366 270 1426 Inter
282 1366 430 1425 finitimos
444 1373 535 1424 vetus
551 1372 644 1441 atque
660 1359 787 1438 antiqua
801 1357 949 1432 simultas,

143 1463 321 1523 Immortale
336 1463 442 1522 odium
457 1471 489 1522 et
504 1479 663 1538 nunquam
679 1457 815 1518 sanabile
830 1456 941 1517 vulnus

142 1559 245 1620 Ardet
259 1559 368 1632 adhuc,
383 1557 500 1618 Ombos
515 1567 547 1618 et
563 1556 712 1636 Tentyra.
751 1554 903 1616 'Summus
917 1554 1061 1635 utrinque
1115 1569 1146 1615 35

144 1654 221 1715 Inde
235 1656 319 1716 furor
332 1655 427 1734 vulgo
442 1655 525 1735 quod
540 1654 670 1714 numina
685 1653 857 1731 vicinorum

144 1752 221 1812 Odit
236 1762 363 1831 uterque
377 1753 470 1825 locus,
487 1771 583 1831 quum
598 1751 680 1810 solos
696 1751 802 1810 credat
816 1749 976 1810 habendos

143 1848 220 1908 Esse
234 1848 308 1909 deos
323 1868 399 1927 quos
412 1848 477 1927 ipse
492 1848 576 1909 colit.
621 1832 683 1908 Sed
699 1856 838 1926 tempore
852 1846 932 1908 festo

143 1945 282 2006 Alterius
296 1945 402 2025 populi
417 1945 564 2024 rapienda
580 1945 699 2005 occasio
716 1945 834 2012 cunctis

50 2042 51 2045 ’
144 2042 223 2104 Visa
234 2043 428 2103 inimicorum
441 2042 624 2121 primoribus
640 2062 676 2102 ac
692 2042 830 2118 ducibus,
845 2064 885 2106 ne

144 2139 276 2199 Laetum
289 2140 477 2218 hilaremque
491 2139 582 2213 diem,
597 2159 637 2199 ne
652 2160 783 2220 magnae
797 2144 912 2221 gaudia
925 2163 1039 2205 coenae

145 2235 312 2310 Sentireut,
327 2236 435 2315 positis
449 2236 489 2295 ad
503 2237 620 2316 templa
635 2246 667 2297 et
682 2240 817 2318 compita
828 2240 946 2302 'mensis

144 2332 352 2412 Pervigilique
367 2341 444 2405 toro,
460 2352 551 2411 quem
567 2344 657 2395 nocte
674 2354 709 2395 ao
724 2337 792 2397 luoe
802 2339 960 2418 jacentem

143 2428 301 2506 Septimus
314 2429 470 2488 interdum
484 2429 530 2488 sol
544 2428 672 2491 inuenit.
715 2433 850 2494 Horrida
864 2455 937 2496 sane

142 2525 325 2604 Aegyptus3
346 2525 400 2584 sed
414 2525 544 2600 luxuria,
563 2513 712 2607 quantum
728 2531 793 2611 ipse
807 2533 923 2608 notavi,
946 2524 948 2529 ’

142 2619 280 2681 Barbara
293 2621 409 2682 famoso
424 2641 486 2681 non
502 2623 586 2683 cedit
601 2626 692 2686 turba
708 2627 844 2708 Canope.

142 2717 236 2776 Adde
250 2717 334 2796 quod
349 2718 491 2779 etfacilis
506 2721 637 2782 victoria
648 2723 687 2782 de
702 2725 835 2786 madidis
851 2735 883 2788 et

143 2813 261 2874 Blaesis
276 2822 367 2893 atque
381 2835 467 2876 mero
483 2816 699 2881 titubantibus.
741 2821 819 2882 Inde
834 2823 970 2886 virorum

144 2909 283 2980 Saltatus
296 2911 386 2990 nigro
401 2913 536 2987 tibicine,
552 2915 776 2998 qualiacunque
803 2953 806 2960 ·

142 3004 317 3085 Unguenta
332 3017 364 3068 et
376 3009 468 3070 flores
482 3011 659 3092 multaeque
674 3013 706 3073 in
720 3016 821 3076 fronte
836 3036 984 3094 eoronae3

142 3102 227 3163 Hinc
236 3104 380 3183 jejunum
395 3107 510 3168 odium.
535 3104 537 3109 ’
553 3109 616 3169 Sed
626 3109 843 3191 jurgia'prirna
857 3135 965 3176 sonare

142 3199 301 3280 Incipiunt
316 3203 426 3265 animis
442 3205 638 3282 ardentibus3
658 3208 735 3270 haec
750 3211 825 3270 tuba
838 3211 932 3272 rixae.

143 3295 225 3356 Dein
241 3299 372 3360 clamore
386 3301 453 3381 pari
467 3303 667 3378 concurritur,
683 3313 715 3364 et
729 3305 796 3366 vice
811 3308 867 3367 teli

85 3385 95 3404 '
143 3392 251 3453 Saevit
265 3396 349 3456 nuda
362 3417 488 3459 manus:
509 3418 625 3479 paucae
640 3400 705 3460 sine
719 3402 846 3462 vulnere
860 3405 977 3480 malae3

141 3488 207 3547 Vix
222 3490 364 3570 cuiquam
379 3485 433 3555 aut
446 3495 524 3554 nulli
538 3505 607 3556 toto
621 3497 788 3556 certamine
802 3519 894 3560 nasus
1013 3561 1015 3567 ,

142 3588 278 3666 Integer.
319 3589 485 3668 Aspiceres
495 3591 561 3670 jam
577 3603 689 3652 cuncta
703 3613 758 3672 per
773 3595 894 3673 agmina
909 3597 1014 3657 uultus
