2622 4168
184 389 205 452 4
489 403 645 452 D.JUN11
665 401 871 450 Juvnuanrs

184 570 313 644 Gaudia,
328 569 491 642 discursus,
505 569 603 629 nostri
616 578 663 629 est
676 569 797 647 farrago
811 567 916 627 libelli.

184 667 226 727 Et
241 665 365 747 quando
380 665 502 725 uberior
516 665 663 725 vitiorum
677 665 787 743 eopia?
810 664 933 743 quando

183 763 285 843 Major
299 761 445 822 avaritiae
460 761 561 840 patuit
576 761 683 826 sinus?
697 762 764 821 alea
778 760 902 840 quando

184 860 251 920 Hos
265 858 405 920 animos?
445 857 557 937 Neque
571 857 655 918 enirn
667 841 776 919 lootdis
790 856 1009 918 comitantibus
1022 853 1088 918 itur

183 957 236 1016 Ad
251 977 354 1017 oasum
370 956 502 1029 tabulae,
517 956 619 1034 posita
633 955 688 1016 sed
703 956 821 1015 luditur
834 973 912 1015 area.
1158 969 1190 1016 90

183 1051 306 1112 Proelia
320 1064 435 1133 quanta
448 1053 511 1114 illio
526 1052 737 1131 dispensatore
751 1051 871 1112 videbis

183 1149 365 1230 Armigero!
409 1150 586 1229 Simplexne
600 1148 685 1208 furor
699 1149 838 1208 sestertia
853 1157 978 1209 eentum

184 1245 318 1306 Perdere
332 1257 364 1307 et
378 1247 516 1306 horrenti
530 1245 665 1306 tunicam
681 1264 743 1304 non
758 1233 887 1304 reddere
902 1245 1016 1306 servo?
1043 1283 1046 1290 ,

185 1342 262 1415 Quis
276 1343 407 1404 totidem
422 1343 520 1404 erexit
534 1343 632 1414 villas,
647 1341 714 1420 quis
728 1341 843 1401 fereula
858 1350 976 1419 septem

184 1439 311 1499 Seoreto
326 1439 469 1499 eoenavit
485 1439 584 1498 avus?
618 1437 713 1496 Nune
727 1436 866 1514 sportula
880 1437 979 1514 primo
1121 1517 1123 1521 ι
1158 1453 1189 1500 95

101 1583 105 1592 .
183 1535 304 1595 Limine
318 1555 415 1615 parva
429 1536 516 1595 sedet
530 1535 638 1594 turbae
653 1531 800 1612 rapienda
814 1541 961 1621 togatae

184 1631 242 1690 Ille
257 1640 361 1700 tamen
376 1631 485 1690 faeiem
499 1631 582 1710 prius
596 1629 720 1709 inspioit
734 1637 766 1688 et
780 1627 924 1708 trepidat,
938 1649 978 1688 ne

184 1729 368 1808 Suppositus
382 1728 488 1787 venias
502 1747 537 1787 ao
551 1727 627 1788 falso
641 1726 764 1786 nomine
779 1745 897 1804 poscas.

182 1825 320 1904 Agnitus
335 1824 484 1903 aooipies3
500 1825 591 1905 jubet
606 1845 623 1884 a
636 1837 787 1903 praecone
802 1823 907 1883 vooari

182 1921 271 1999 Ipsos
285 1921 477 2000 Trojugenas
488 1941 496 1996 ;
508 1940 589 1980 nam
603 1930 718 1981 vexant
733 1920 827 1980 limen
843 1928 874 1979 et
888 1919 947 1999 ipsi
1141 1936 1187 1982 100

182 2017 362 2076 Nobiscum.
403 2023 420 2053 ‘⁶
431 2016 481 2076 Da
495 2016 644 2092 Praetori,
660 2018 699 2076 da
714 2017 826 2076 deiude
842 2015 1006 2078 Tribuno”

83 2185 86 2190 Ι
184 2112 246 2182 Sed
260 2113 422 2174 libertinus
435 2113 519 2192 prior
533 2123 588 2174 est.
629 2120 646 2150 “
656 2112 771 2187 Prior,'’
785 2113 896 2194 inquit,
911 2121 928 2150 “
940 2134 998 2195 ego
1013 2113 1139 2176 adsum:

166 2252 168 2256 .
183 2210 247 2270 Our
259 2210 386 2270 timeam
401 2210 579 2271 dubitemve
594 2211 696 2272 looum
710 2211 884 2287 defendere,
899 2211 1040 2292 quamvis

181 2307 284 2366 Natus
299 2307 338 2366 ad
353 2307 543 2386 Euphraten,
557 2309 665 2367 molles
680 2308 762 2387 quod
777 2309 809 2369 in
824 2329 896 2370 aure
911 2311 1062 2370 fenestrae

181 2389 352 2483 Arguerint
365 2404 438 2464 lieet
452 2403 517 2483 ipse
532 2424 661 2483 negem:
682 2406 735 2465 sed
750 2407 886 2488 quinque
901 2408 1047 2468 tabernae
1139 2421 1186 2468 105
1270 2388 1276 2400 ¹

182 2501 418 2581 Quadringenta
431 2511 549 2580 parant.
590 2502 674 2573 Quid
688 2503 807 2564 confert
821 2523 956 2585 purpura
970 2503 1068 2583 major

182 2597 372 2676 Optandum,
388 2599 414 2658 si
428 2597 576 2658 Laurenti
590 2599 726 2674 custodit
740 2600 773 2660 in
789 2622 863 2681 agro

182 2694 358 2756 Conduetas
374 2696 526 2756 Corvinus
541 2697 636 2757 oves?
657 2717 716 2777 ego
730 2700 872 2778 possideo
886 2699 955 2778 plus

158 2834 161 2840 .
181 2790 323 2851 Pallante
338 2800 369 2851 et
384 2790 523 2851 Lioinis.''
564 2791 756 2873 Exspeetent
771 2791 844 2874 erg‘o
858 2793 1008 2868 Tribuni3

180 2887 316 2948 Vinoant
332 2887 467 2962 divitiae,
484 2908 570 2950 saero
583 2911 641 2951 neo
656 2892 747 2952 aedat
761 2890 871 2951 honori
1139 2905 1186 2952 110

180 2985 288 3064 Nuper
302 2986 334 3045 in
348 2969 427 3046 hane
442 2987 549 3047 urbem
563 2974 694 3069 pedibus
709 2988 761 3069 qui
775 2997 903 3048 venerat
918 2987 1015 3062 albis3

124 3133 126 3138 .
180 3082 439 3164 Quandoquidem
453 3084 535 3145 inter
549 3105 606 3145 nos
621 3085 811 3145 sanctissima
826 3085 1005 3146 divitiarum

179 3180 333 3258 Majestas,
349 3181 406 3241 etsi
420 3183 542 3242 funesta
556 3182 694 3242 Peounia
708 3183 824 3262 templo

178 3276 329 3337 Nondum
342 3280 472 3354 habitas,
487 3280 587 3338 nullas
602 3299 798 3338 nummorum
812 3279 963 3340 ereximus
978 3297 1053 3353 aras,

179 3372 226 3434 Ut
241 3375 351 3435 colitur
366 3375 434 3435 Pax
449 3384 542 3454 atque
557 3375 660 3449 Fides,
675 3375 825 3449 Victoria,
839 3375 959 3451 Virtus,
1136 3389 1185 3437 115
1227 3361 1229 3366 ⁵

179 3470 327 3550 Quaeque
343 3474 476 3533 salutato
491 3471 622 3550 crepitat
638 3472 811 3532 Concordia
824 3471 907 3532 nido.

181 3565 241 3626 Sed
257 3587 351 3646 quum
366 3588 502 3628 summus
516 3568 615 3629 honor
628 3567 716 3628 finito
731 3576 889 3646 computet
904 3588 984 3630 auno
