2646 4170
539 414 675 462 SATIRA
698 414 775 462 XVI.

145 583 249 656 Quum
265 583 327 643 duo
342 603 430 644 crura
443 583 565 656 habeas,
580 582 734 642 offendere
750 587 798 640 tot
812 578 934 660 caligas,
948 587 997 640 tot

143 680 243 740 Millia
258 681 422 741 clavorum.
466 678 542 750 Quis
556 687 622 739 tam
635 678 742 758 procul
757 677 836 737 absit
852 679 889 736 ab
905 677 991 739 Urbe

144 777 331 838 Praeterea?
353 776 421 855 quis
435 784 501 835 tam
515 775 650 854 Pylades
665 775 778 834 molem
795 775 914 854 aggeris
929 775 1011 834 ultra

144 875 192 936 Ut
207 874 333 933 veniat?
374 871 533 932 Lacrimae
549 870 865 951 siccenturprotinus,
882 880 960 931 etse

144 970 352 1030 Excusaturos
367 989 428 1030 nou
445 968 645 1029 sollicitemus
661 968 783 1041 amicos,

144 1068 221 1128 “Da
235 1065 373 1140 testem,”
384 1066 483 1146 judex
500 1085 595 1145 quum
610 1064 732 1124 dixerit.
774 1067 901 1126 Audeat
916 1066 968 1126 ille

144 1165 259 1225 Nescio
274 1164 341 1243 quis
355 1182 475 1243 pugnos
492 1161 545 1241 qui
559 1160 639 1221 vidit
654 1160 763 1235 dicere,
779 1162 906 1242 “Vidi,{'

143 1262 187 1321 Et
201 1261 324 1321 credam
340 1261 468 1340 dignum
484 1259 579 1319 barba
595 1257 785 1338 dignumque
801 1259 918 1339 capillis

143 1358 306 1437 Majorum.
349 1358 448 1418 Citius
462 1356 572 1416 falsum
588 1356 758 1436 producere
773 1365 885 1416 testem

145 1457 261 1517 Contra
274 1473 430 1535 paganum
444 1453 541 1532 possis
557 1472 650 1533 quam
666 1472 739 1512 vera
753 1455 932 1533 loquentem

145 1553 261 1612 Contra
275 1551 430 1610 fortunam
447 1551 556 1610 armati
574 1559 742 1630 contraque
757 1553 916 1631 pudorem.

183 1647 325 1707 Praemia
339 1667 421 1706 nunc
436 1637 494 1706 alia
508 1655 601 1726 atque
617 1647 676 1706 alia
691 1650 898 1708 emolumenta
913 1658 1057 1709 notemus
1115 1665 1146 1710 35

145 1745 421 1804 sacramentorum.
464 1737 644 1803 convallem
659 1744 738 1804 ruris
752 1745 827 1804 aviti

145 1840 308 1919 Improbus
324 1849 377 1899 aut
392 1859 536 1919 campum
552 1841 625 1899 mihi
641 1841 665 1900 si
680 1841 798 1902 vicinus
813 1842 937 1916 ademit,

143 1937 186 1996 Et
201 1957 322 1997 sacrum
338 1936 444 1996 effodit
458 1936 562 1995 medio
578 1937 617 1996 de
634 1937 732 1998 limite
747 1957 854 1999 saxum
875 1967 881 1984 =

144 2032 237 2104 Quod
252 2052 321 2092 mea
336 2053 405 2093 cum
420 2032 527 2112 patulo
543 2033 638 2093 coluit
653 2035 723 2113 puls
738 2054 838 2094 annua
852 2037 932 2110 libo;

142 2129 275 2190 Debitor
288 2140 342 2190 aut
358 2139 496 2208 sumptos
511 2130 614 2208 pergit
629 2151 692 2191 nou
706 2131 835 2191 reddere
850 2153 1001 2206 nummos,

142 2225 234 2285 Vana
249 2226 430 2305 supervacui
446 2226 550 2284 dicens
566 2226 768 2306 chirographa
781 2228 877 2308 ligni;

142 2322 377 2401 Exspectandus
393 2322 451 2381 erit
467 2322 520 2401 qui
534 2322 605 2382 lites
619 2323 743 2385 inchoet
758 2344 856 2384 annus

141 2419 252 2478 Totius
266 2418 380 2497 populi.
424 2417 487 2476 Sed
502 2427 577 2478 tunc
594 2439 716 2500 quoque
730 2421 813 2480 mille
827 2422 954 2482 ferenda

141 2515 266 2587 Taedia,
281 2515 365 2573 mille
381 2533 503 2589 morae3
526 2516 619 2574 toties
634 2517 778 2576 subsellia
792 2527 915 2576 tantum

142 2611 346 2684 Sternuntur;
367 2620 443 2684 tum,
460 2611 593 2671 facundo
608 2621 743 2691 ponente
757 2615 894 2674 lacernas

142 2708 286 2769 Caedicio
302 2716 333 2767 et
348 2706 449 2767 Fusco
461 2708 526 2786 jam
541 2708 745 2783 micturiente,
759 2710 859 2789 parati

141 2805 342 2884 Digredimur
355 2804 501 2884 lentaque
517 2804 576 2865 sori
591 2825 763 2885 pugnamus
778 2826 877 2866 arena.

92 2911 95 2914 '
140 2903 202 2960 Ast
216 2901 275 2960 illis
290 2921 365 2981 quos
380 2921 464 2961 arma
479 2911 590 2982 tegunt
605 2912 636 2963 et
650 2902 769 2962 balteus
784 2905 880 2964 ambit

142 2999 232 3071 Quod
248 2999 395 3078 placitum
411 3008 458 3058 est
472 3000 545 3079 ipsis
561 3008 735 3079 praestatur
748 3009 869 3078 tempus
884 3001 1005 3080 agendi,

141 3097 210 3155 Nec
225 3115 272 3154 res
287 3096 430 3156 atteritur
444 3097 539 3176 longo
555 3096 723 3156 sufflamine
737 3097 808 3156 litis.

182 3192 263 3252 Solis
278 3203 437 3273 praeterea
452 3193 589 3253 testandi
604 3193 752 3252 militibus
761 3193 813 3271 jus

141 3289 226 3350 Vivo
240 3299 328 3368 patre
345 3291 451 3350 datur:
472 3309 545 3349 nam
560 3308 637 3369 quae
653 3299 723 3348 sunt
737 3298 826 3367 parta
840 3291 943 3349 labore

140 3386 273 3446 Militiae
289 3386 404 3466 placuit
419 3406 481 3447 non
496 3385 608 3446 0000111
624 3405 749 3464 corpore
765 3406 881 3459 census,

68 3533 71 3538 .
141 3485 243 3544 Omne
259 3492 346 3544 tenet
360 3483 445 3562 cujus
459 3483 598 3562 regimen
611 3491 708 3561 pater.
750 3481 834 3562 Ergo
850 3482 1003 3542 Coranum

143 3580 310 3661 signorum
324 3579 469 3641 comitem
484 3588 710 3655 castrorumque
725 3597 795 3638 aera
809 3589 980 3638 merentem

631 3677 645 3726 7
