2622 4168
525 1079 689 1146 SATIRA
713 1081 807 1145 VIII.

164 1277 441 1421 STEMMATA
452 1277 527 1358 quid
538 1277 678 1338 faciunt?
695 1276 768 1356 quid
780 1275 915 1356 prodest,
925 1274 1065 1350 Pontice,
1075 1275 1169 1356 longo

249 1374 405 1454 Sanguine
420 1374 537 1435 censeri
551 1375 712 1454 pictosque
727 1372 890 1433 ostendere
904 1373 1010 1434 vultus

162 1469 325 1550 Majorum,
341 1479 373 1530 et
387 1479 505 1532 stantes
520 1471 553 1530 in
568 1470 707 1531 curribus
720 1469 920 1544 Aemilianos,

163 1567 206 1626 Et
222 1567 330 1628 Curios
339 1567 406 1646 jam
420 1567 574 1642 dimidios,
589 1568 778 1650 numeroque
792 1567 943 1626 minorem

165 1663 343 1738 Corvinum,
359 1673 391 1724 et
406 1664 538 1725 Galbam
553 1664 696 1724 auriculis
710 1683 845 1743 nasoque
862 1662 1040 1724 carentem?
1155 1675 1170 1721 5

166 1761 244 1833 Quis
257 1761 375 1821 fruetus
388 1760 510 1841 generis
524 1761 630 1821 tabula
639 1761 758 1839 jactare
773 1759 878 1839 capaci

165 1856 343 1930 Corvinum,
358 1857 488 1936 posthac
502 1857 602 1917 multa
615 1856 796 1936 contingere
810 1857 899 1936 virga

165 1953 317 2013 Fumosos
331 1953 483 2033 Equitum
497 1973 569 2012 oum
583 1952 745 2032 Dictatore
759 1954 933 2033 magistros,

167 2049 201 2109 Si
215 2069 317 2110 coram
331 2049 458 2130 Lepidis
472 2050 553 2109 male
567 2049 707 2109 vivitur?
728 2051 843 2129 effigies
858 2068 920 2128 quo

166 2145 230 2206 Tot
243 2146 436 2220 bellatorum,
452 2146 478 2205 si
492 2145 613 2206 luditur
627 2146 693 2205 alea
706 2165 824 2225 pernox

166 2243 253 2302 Ante
266 2242 495 2316 Numantin0s3
516 2242 542 2302 si
556 2242 690 2302 dormire
704 2242 812 2322 incipis
828 2250 898 2303 ortu

167 2338 308 2412 Luciferi,
323 2359 383 2418 quo
398 2339 486 2418 signa
501 2338 595 2406 duces
609 2348 642 2399 et
656 2348 756 2399 castra
770 2339 963 2400 movebant?

169 2436 233 2520 Cur
246 2435 452 2515 Allobrogicis
467 2444 500 2495 et
513 2454 627 2515 magna
641 2436 777 2514 gandeat
791 2455 844 2495 111
930 2424 933 2429 ’

168 2530 271 2591 Natus
284 2533 315 2591 in
331 2531 487 2592 Herculeo
502 2531 720 2606 Fabius-Lare,
736 2533 761 2592 si
776 2532 914 2612 cupidus,
928 2532 954 2592 si

168 2626 277 2688 Vanus
292 2638 323 2688 et
336 2628 487 2708 Euganea
501 2629 700 2708 quantumvis
713 2629 836 2688 mollior
849 2647 948 2708 agna3

170 2723 203 2784 Si
218 2733 358 2785 tenerum
373 2725 499 2785 attritus
514 2725 674 2786 Catinensi
688 2725 809 2804 pumice
823 2724 963 2784 lumbum

170 2821 353 2901 squalentes
366 2820 503 2898 traducit
517 2840 599 2896 avos,
614 2831 795 2901 emptorque
810 2821 923 2881 veneni

167 2918 355 2996 Frangenda
368 2917 512 2978 miseram
525 2919 663 2978 funestat
676 2918 810 2997 imagine
824 2919 973 2998 gentem?
1081 2998 1083 3001 ἱ
1161 2947 1163 2952 ·

168 3015 251 3074 Tota
264 3015 337 3075 licet
350 3024 471 3075 veteres
485 3023 636 3075 exornent
651 3014 787 3094 undique
807 3035 895 3075 cerae

167 3111 268 3186 Atn'a,
282 3111 427 3172 nobilitas
442 3113 506 3172 sola
521 3121 568 3173 est
583 3121 675 3192 atque
691 3113 781 3173 unica
795 3112 902 3172 virtus.

168 3207 297 3268 Paullus
311 3209 362 3268 vel
377 3209 490 3270 Cossus
505 3208 555 3268 vel
570 3208 691 3270 Drusus
705 3209 841 3270 moribus
856 3217 940 3284 est03

168 3303 236 3363 Hos
251 3313 322 3364 ante
337 3305 452 3386 effigies
466 3305 618 3384 majorum
632 3326 713 3386 pone
727 3316 872 3382 tuorum3

168 3400 362 3465 Praecedant
376 3403 459 3483 ipsas
473 3402 518 3462 illi
532 3412 564 3463 te
579 3404 714 3465 Consule
729 3404 841 3484 virgas.

167 3496 275 3558 Prima
288 3499 364 3559 mihi
379 3499 473 3560 debes
487 3498 581 3559 animi
594 3500 692 3560 bona:
713 3510 838 3561 sanctus
852 3499 957 3562 haberi
1006 3532 1008 3536 v

166 3593 187 3654 J
190 3594 375 3678 ustitiaeque
389 3605 484 3658 tenax
496 3595 587 3657 factis
601 3595 753 3678 dictisque
768 3597 901 3673 mereris,
