2622 4168
134 361 176 427 30
430 377 467 424 n.
490 377 593 426 suun
614 375 821 425 rovaunms

132 543 201 604 Aut
215 543 304 606 clude
319 551 351 604 et
364 543 482 624 positos
496 543 581 604 tinea
594 542 747 622 pertunde
761 542 890 603 libellos.

133 639 256 721 Frange
270 641 363 726 miser
377 641 510 702 calamos
524 640 713 719 vigilataque
727 638 844 719 proelia
858 638 937 714 dele,
1016 645 1019 651 '

134 736 197 810 Qui
210 737 285 798 facis
299 737 331 797 in
345 755 441 816 parva
454 736 597 797 sublimia
611 737 747 804 carmina
760 735 838 795 cella

134 833 183 896 Ut
197 832 309 914 dignus
323 833 429 894 venias
443 832 564 892 hederis
579 841 610 892 et
624 832 759 912 imagine
774 851 886 893 macra.

135 929 211 1010 Spes
226 930 310 990 nulla
323 929 469 990 ulterior:
491 929 600 989 didicit
612 929 679 1008 jam
694 929 781 989 dives
795 948 906 990 avarus

133 1026 271 1087 Tantum
286 1025 437 1100 admirari,
452 1035 575 1086 tantum
589 1025 717 1086 laudare
732 1026 872 1100 disertos,

134 1123 181 1184 Ut
195 1122 283 1203 pueri
296 1122 317 1184 J
320 1123 429 1184 unonis
444 1143 542 1183 avem.
584 1122 647 1183 seu
662 1123 771 1184 defluit
785 1133 869 1184 aetas

134 1219 177 1280 Et
190 1219 292 1300 pelagi
304 1220 426 1299 patiens
443 1228 474 1280 et
490 1219 616 1280 cassidis
632 1231 724 1300 atque
737 1221 858 1300 ligonis.

135 1316 254 1376 Taedia
267 1326 343 1377 tune
357 1316 491 1376 subeunt
506 1317 633 1392 animos,
648 1327 723 1378 tune
737 1338 830 1397 seque
846 1335 994 1397 suamque

134 1413 359 1492 Terpsichoren
374 1412 440 1472 odit
454 1413 587 1473 facunda
602 1423 634 1473 et
648 1414 732 1474 nuda
746 1423 896 1474 senectus.

174 1510 290 1589 Accipe
304 1528 386 1569 nunc
401 1517 482 1569 artes
497 1529 536 1570 nc
551 1509 625 1589 quid
640 1509 697 1570 tibi
711 1509 849 1570 conferat
864 1511 923 1570 iste

135 1606 237 1680 Quem
251 1606 325 1666 eolis
339 1614 371 1666 et
385 1605 546 1666 Musarum
560 1615 592 1666 et
606 1605 760 1686 Apollinis
775 1607 852 1667 aede
866 1607 983 1670 relicta

134 1704 206 1784 Ipse
219 1703 294 1764 facit
307 1721 413 1763 versus
428 1711 521 1782 atque
536 1703 591 1764 uni
604 1704 688 1764 cedit
703 1705 840 1765 Homero

134 1800 268 1881 Propter
282 1800 364 1860 mille
380 1819 496 1874 annos;
517 1808 549 1859 et
563 1800 588 1860 si
603 1800 765 1861 dulcedine
780 1801 879 1862 famae

136 1897 308 1958 Succensus
322 1896 433 1957 recites
448 1896 617 1956 maculosas
632 1898 808 1958 commodat
823 1899 923 1958 aedes.

135 1993 222 2055 Haeo
236 1978 455 2072 longeferrata
470 1992 580 2052 domus
595 1993 708 2054 servire
720 1993 857 2072 jubetur,

134 2090 173 2150 In
188 2110 248 2171 qua
262 2089 409 2150 sollicitas
423 2089 563 2150 imitatur
576 2090 673 2169 janua
686 2098 800 2169 portas.

136 2186 202 2248 Scit
216 2188 289 2248 dare
304 2187 432 2248 libertos
447 2195 584 2247 extrema
598 2186 630 2246 in
644 2194 731 2266 parte
746 2187 889 2247 sedentes

136 2284 261 2345 Ordinis
276 2293 308 2344 et
322 2303 450 2364 magnas
465 2283 613 2344 comitum
627 2283 790 2362 disponere
805 2277 907 2344 voces.

134 2382 238 2442 Nemo
253 2382 340 2442 dabit
354 2401 463 2462 regum
478 2379 587 2460 quanti
600 2379 744 2440 subsellia
759 2389 912 2455 constent,

136 2479 179 2540 Et
194 2500 271 2560 quae
286 2481 442 2541 conducto
456 2478 595 2559 pendent
609 2477 776 2538 anabathra
790 2479 900 2558 tigillo,

137 2576 286 2658 Quaeque
301 2577 494 2657 reportandis
508 2575 610 2655 posita
624 2583 671 2636 est
685 2575 841 2638 orchestra
855 2575 1019 2636 cathedris.

136 2673 204 2735 Nos
218 2685 322 2735 tamen
337 2676 396 2734 hoe
411 2674 539 2754 agimus,
553 2672 701 2752 tenuique
715 2672 747 2731 in
761 2673 887 2752 pulvere
902 2673 1003 2733 sulcos

136 2771 287 2832 Ducimus
302 2780 333 2831 et
348 2771 421 2832 litus
436 2772 533 2831 sterili
548 2789 705 2832 versamus
719 2779 829 2829 aratro.

137 2867 220 2928 Nam
234 2868 259 2928 si
274 2868 422 2942 discedas,
435 2868 546 2946 laqueo
560 2876 647 2927 tenet
662 2865 816 2926 ambitiosi

52 2998 55 3057 q
138 2964 338 3026 Consuetudo
352 2963 445 3038 mali3
466 2974 554 3024 tenet
569 2963 737 3022 insanabile
752 2962 867 3023 multos

139 3060 299 3120 Scribendi
315 3062 476 3121 cacoethes
492 3070 523 3121 et
538 3080 630 3139 aegro
645 3060 676 3119 in
692 3060 785 3120 corde
801 3061 942 3120 senescit.

58 3146 59 3165 ¹
139 3157 200 3217 Sed
216 3165 320 3217 vatem
335 3157 494 3238 egregium
509 3157 558 3218 cui
572 3177 634 3216 non
649 3156 689 3216 sit
703 3156 826 3236 publica
840 3176 928 3232 vena,

139 3253 201 3325 Qui
215 3254 291 3313 nihil
307 3253 481 3332 expositum
496 3254 593 3313 soleat
608 3252 770 3327 deducere,
784 3273 842 3314 neo
857 3253 910 3333 qui

140 3350 304 3410 Communi
318 3351 407 3411 feriat
422 3370 545 3410 carmen
560 3349 680 3409 triviale
695 3359 829 3424 moneta,

140 3443 234 3505 Hunc
249 3448 371 3526 qualem
385 3466 505 3526 nequeo
519 3456 690 3506 monstrare
706 3456 738 3506 et
752 3446 852 3507 sentio
867 3455 991 3508 tantum
1097 3515 1100 3522 Ι

140 3539 310 3602 Anxietate
325 3562 430 3603 carens
445 3543 563 3604 animus
577 3542 659 3618 facit,
673 3543 773 3603 omnis
787 3543 889 3604 acerbi
