2622 4168
529 373 664 424 sanna
686 376 767 424 v111.
1105 358 1147 424 45

137 541 278 622 Excipit,
293 551 325 604 et
339 543 421 604 solus
435 541 644 622 trepidantem
657 540 796 622 protegit
810 540 950 616 Urbem3
1100 555 1148 602 250

138 639 248 719 Atque
262 641 342 715 ideo,
357 649 522 719 postquam
536 639 577 698 ad
591 638 732 700 Gimbros
746 647 942 717 stragemque
957 637 1103 699 volabant

139 735 205 806 Qui
219 756 379 816 nunquam
393 737 561 815 attigerant
575 735 693 814 majora
706 724 858 794 cadavera
872 733 966 810 corvi,

137 831 264 892 Nobilis
279 842 408 892 ornatur
421 832 507 892 lauro
522 831 640 910 collega
654 831 798 890 secunda.

138 927 287 988 Plebeiae
300 928 468 1010 Deciorum
483 927 612 1002 animae,
626 927 748 1006 plebeia
761 927 887 989 fuerunt

138 1023 297 1084 Nomina:
317 1043 373 1104 pro
387 1024 462 1084 totis
476 1023 649 1104 legionibus
663 1023 695 1082 hi
710 1033 815 1085 tamen
830 1033 862 1084 et
875 1043 933 1104 pro

139 1118 294 1180 Omnibus
309 1121 430 1180 auxiliis
444 1129 537 1200 atque
552 1119 637 1180 omni
650 1119 731 1198 pube
746 1120 858 1180 Latina

140 1215 305 1290 Sufficiunt
320 1216 366 1276 dis
380 1217 507 1278 infernis
518 1215 695 1295 Terraeque
709 1217 850 1295 parenti3

138 1312 244 1373 Pluris
259 1313 341 1373 enim
354 1313 444 1373 Decii
459 1331 551 1392 quam
565 1331 644 1392 quae
659 1322 821 1374 servantur
835 1313 955 1376 abillis.

138 1409 265 1470 Ancilla
278 1418 372 1470 natus
385 1410 524 1470 trabeam
539 1417 572 1469 et
586 1409 729 1470 diadema
744 1409 866 1484 Quirini

139 1507 184 1566 Et
197 1507 294 1566 fasces
308 1507 429 1581 meruit,
444 1527 553 1587 regum
568 1507 694 1568 ultimus
708 1508 760 1567 ille
774 1508 935 1568 bonorum.

139 1603 271 1664 Prodita
284 1603 432 1664 laxabant
446 1613 605 1683 portarum
620 1605 752 1665 claustra
766 1604 906 1682 tyrannis

139 1701 309 1762 Exsulibus
324 1701 457 1781 juvenes
471 1701 566 1782 ipsius
582 1702 724 1764 Consulis
738 1709 771 1760 et
785 1720 862 1779 quos

140 1798 292 1880 Magnum
306 1799 422 1880 aliquid
438 1798 532 1860 dubia
545 1818 602 1879 pro
615 1799 758 1860 libertate
773 1799 906 1872 deceret,

142 1896 235 1968 Quod
249 1897 414 1958 miraretur
427 1916 497 1957 cum
513 1896 631 1958 Coclite
645 1895 768 1956 Mucius
782 1903 815 1954 et
829 1913 907 1974 quae

141 1992 268 2073 Imperii
281 1993 359 2055 fines
373 1994 554 2055 Tiberinum
569 1993 658 2073 virgo
672 1993 801 2053 natavit.

142 2089 274 2151 Occulta
288 2091 327 2150 ad
342 2090 453 2151 Patres
467 2089 616 2170 produxit
631 2088 758 2150 crimina
773 2108 879 2148 servus
892 2149 898 2159 ,

140 2185 294 2248 Matronis
307 2187 478 2267 lugendus:
501 2196 534 2247 at
548 2186 617 2247 illos
631 2185 760 2246 verbera
775 2184 869 2264 justis

140 2283 291 2345 Affioiunt
304 2285 412 2364 poenis
427 2294 459 2352 et
473 2284 577 2364 legum
593 2283 692 2363 prima
707 2282 830 2342 securis.

181 2379 267 2440 Malo
281 2387 370 2459 pater
383 2379 441 2439 tibi
455 2380 495 2440 sit
509 2379 677 2453 Thersites,
693 2376 863 2439 dummodo
876 2385 912 2437 tu
925 2376 967 2438 sis

95 2527 96 2530 ,
141 2475 298 2537 Aeacidae
312 2477 419 2537 similis
433 2477 649 2556 Vulcaniaque
664 2494 750 2536 arma
763 2493 913 2554 capessas,

143 2572 245 2645 Quam
259 2582 291 2632 te
306 2570 466 2636 Thersitae
480 2572 611 2633 similem
625 2572 778 2652 producat
791 2569 941 2630 Achilles.

141 2669 185 2730 Et
199 2679 312 2744 tamen,
327 2679 363 2728 ut
376 2670 468 2749 longe
482 2679 603 2749 repetas
618 2671 771 2750 longeque
785 2667 928 2727 revolvas

141 2766 276 2841 Nomen,
291 2765 330 2826 ab
343 2765 449 2826 infami
462 2776 589 2845 gentem
603 2766 731 2827 deducis
746 2765 841 2844 asylo.

141 2861 297 2942 Majorum
311 2862 427 2941 primus
442 2862 578 2943 quisquis
591 2863 650 2924 fuit
664 2863 716 2924 ille
732 2872 867 2936 tuorum,

141 2959 211 3021 Aut
223 2967 330 3041 pastor
342 2959 402 3020 fuit
416 2967 470 3020 aut
483 2953 562 3020 illud
576 2960 659 3042 quod
674 2960 776 3021 dicere
791 2957 874 3020 nolo.
