2646 4170
169 395 211 460 80
473 412 509 458 n.
525 412 629 460 Jurur
649 405 855 460 auvnnanrs

167 577 337 638 Rusticus?
366 576 547 659 *Exspectas
561 589 597 640 ut
611 571 674 640 no‘n
688 581 728 640 sit
743 579 883 640 adultera
896 578 1016 661 Largae
1141 594 1172 641 25

167 672 256 748 Filia,
270 692 348 753 quae
362 693 520 755 nunquam
534 685 689 738 maternos
704 677 807 737 dicere
821 677 965 738 moechos

167 771 247 832 Tam
261 771 324 831 cito
337 791 396 831 nee
409 781 498 833 tanto
512 773 627 852 poterit
642 783 805 835 contexere
820 793 910 834 cursu

167 868 216 932 Ut
230 889 293 929 non
307 877 355 928 ter
368 868 471 930 decies
484 870 635 949 respiret?
677 871 808 933 Conscia
822 870 914 931 matri

167 967 268 1047 Virgo
281 966 357 1042 fuit3
379 985 463 1026 ceras
477 986 559 1026 nunc
574 967 632 1027 hac
646 967 784 1028 dictante
798 968 925 1048 pusillas

167 1063 289 1144 Implet,
304 1073 336 1126 et
350 1063 391 1124 ad
405 1063 568 1123 moechum
583 1063 639 1123 dat
653 1063 769 1125 eisdem
784 1065 862 1126 ferre
877 1065 1020 1128 cinaedis.
1142 1083 1173 1130 30

169 1162 220 1222 Sic
234 1170 345 1222 natura
359 1161 467 1241 jubet:
488 1160 624 1222 velocius
638 1171 670 1224 et
685 1162 774 1224 citius
788 1183 844 1225 nos

168 1259 378 1340 Corrumpunt
392 1257 540 1320 vitiorum
554 1261 695 1340 exempla
709 1260 886 1337 domestica,
900 1262 1020 1343 magnis

168 1355 274 1428 Quum
288 1357 420 1417 subeunt
435 1357 553 1419 animos
567 1358 750 1419 auctoribus.
791 1357 883 1420 Unus
898 1368 930 1420 et
944 1360 1022 1422 alt-er·

168 1453 313 1515 Forsitan
327 1454 404 1514 haec
418 1464 564 1534 spemant
580 1456 721 1535 juvenes,
735 1457 847 1537 quibus
861 1467 926 1520 arte
940 1457 1076 1540 benigna

167 1549 211 1611 Et
226 1550 351 1612 meliore
365 1552 432 1616 luto
446 1552 537 1612 finxit
550 1555 730 1633 praecordia
743 1555 837 1616 Titan
845 1575 854 1631 3
1143 1573 1174 1617 35

170 1648 233 1710 Sed
246 1649 380 1729 reliquos
393 1650 540 1730 fugienda
553 1661 677 1732 patrum
690 1654 822 1733 vestigia
835 1655 962 1730 ducunt,

168 1746 212 1807 Et
225 1757 396 1808 monstrata
410 1749 464 1808 diu
478 1750 592 1810 veteris
606 1750 701 1810 trabit
717 1752 816 1812 orbita
830 1754 946 1832 culpae.

168 1844 336 1905 Abstineas
349 1845 445 1925 igitur
459 1847 660 1923 damnandis3
682 1849 772 1928 hujus
787 1849 867 1910 enim
883 1850 934 1910 vel

169 1941 244 2003 Una
257 1951 368 2022 potens
382 1944 461 2006 ratio
476 1955 530 2020 est,
546 1965 584 2006 ne
599 1947 728 2006 erimina
741 1958 847 2008 nostra
861 1956 1027 2027 sequantur

168 2037 219 2098 Ex
233 2039 321 2121 nobis
335 2042 450 2121 geniti:
474 2043 618 2122 quoniam
633 2043 747 2104 dociles
761 2043 918 2105 imitandis
1143 2062 1175 2107 40

169 2135 325 2216 Turpibus
339 2157 374 2198 ac
388 2139 490 2218 pravis
504 2160 610 2201 omnes
625 2159 737 2215 sumus,
752 2136 785 2201 e't
800 2141 966 2203 Catilinam

170 2233 363 2314 Quocunque
378 2235 409 2296 in
423 2238 539 2317 populo
553 2238 668 2312 videas,
683 2257 865 2318 quocunque
880 2239 937 2299 sub
952 2258 1027 2316 axc3

75 2367 84 2417 ³.
171 2328 234 2389 Sed
248 2349 305 2390 nec
320 2329 436 2391 Brutus
450 2333 509 2393 erit
523 2332 615 2392 Bruti
629 2352 686 2394 nec
700 2335 869 2394 avunculus
884 2353 1021 2414 usquam.

169 2422 225 2483 Nil
240 2423 325 2485 dictu
339 2425 464 2486 foedum
478 2427 606 2506 visuque
619 2428 696 2488 haec
710 2428 816 2488 limina
831 2437 940 2508 tangat

169 2517 257 2579 Intra
271 2539 349 2600 quae
362 2541 439 2602 puer
453 2533 509 2584 est.
550 2521 664 2583 Procul
678 2523 758 2597 hinc,
772 2525 880 2603 procul
893 2524 966 2586 inde
980 2525 1100 2607 puellae
1141 2541 1174 2586 45

169 2616 331 2678 Lenonum
345 2629 378 2680 et
392 2630 500 2682 cantus
514 2623 725 2701 pernoctantis
739 2622 874 2702 parasiti.

169 2713 307 2777 Maxima
321 2717 451 2779 debetur
464 2739 560 2799 puero
574 2719 755 2780 reverentia.
798 2718 831 2780 si
846 2718 921 2799 quid

83 2892 85 2896 .
169 2811 274 2894 Turpe
288 2834 384 2895 paras,
397 2837 436 2878 ne
450 2826 486 2878 tu
499 2818 587 2898 pueri
601 2817 820 2898 contempseris
835 2837 940 2894 annos,

171 2911 233 2971 Sed
248 2927 412 2991 peccaturo
428 2915 558 2977 obsistat
572 2916 629 2977 tibi
642 2916 723 2978 filius
737 2918 846 2978 infans.

169 3008 203 3068 N
204 3029 254 3070 am
268 3011 293 3071 si
308 3012 381 3091 quid
396 3014 525 3093 dignum
541 3014 683 3076 Censoris
697 3014 804 3075 fecerit
817 3014 863 3075 ira
1144 3030 1175 3074 50

171 3107 364 3188 Quandoque
380 3118 412 3169 et
426 3109 557 3169 similem
571 3111 628 3169 tibi
643 3131 675 3171 se
689 3131 751 3172 non
767 3130 892 3190 corpore
907 3119 1031 3172 tantum

170 3205 239 3265 Nec
253 3207 342 3266 vultu
357 3205 486 3280 dederit,
500 3225 620 3266 morum
635 3228 756 3287 quoque
770 3207 851 3268 filius
866 3207 964 3287 etqui

172 3303 284 3363 Omnia
298 3301 432 3363 deterius
446 3311 500 3363 tua
514 3323 569 3382 per
582 3304 714 3383 vestigia
727 3313 844 3384 peccet,

172 3398 325 3479 Corripies
340 3399 481 3459 nimirum
497 3408 529 3459 et
544 3399 707 3479 castigabis
722 3400 831 3460 acerbo

172 3495 313 3556 Clamore
328 3515 363 3555 ae
376 3505 446 3575 post
460 3497 536 3555 haec
550 3495 671 3556 tabulas
684 3506 803 3556 mutare
817 3495 946 3577 parabis.
1143 3515 1176 3561 55

171 3589 267 3653 Unde
282 3591 339 3650 tibi
353 3592 485 3653 frontem
502 3592 737 3672 libertatemque
751 3593 887 3674 parentis
