2622 4168
69 412 70 415 ,
153 367 196 432 64
458 383 495 430 n.
517 381 621 430 suun
641 379 848 430 uuvnrmns

153 552 215 611 Per
229 558 331 611 totum
348 568 465 610 cessare
480 548 579 608 diem:
599 566 662 607 non
675 545 789 607 fenoris
807 546 870 606 ulla
1112 559 1159 605 185

153 647 283 722 Menti0‚
299 666 356 707 nec
370 644 469 726 prima
483 643 508 704 si
522 644 591 704 luce
605 661 726 722 egressa
740 641 855 718 reverti

153 745 256 805 Nocte
271 744 350 805 solet
364 741 460 804 tacito
474 742 569 802 bilem
583 739 640 799 tibi
655 739 818 799 contrahat
832 758 918 814 uxor,

154 841 291 903 Humida
305 839 454 920 suspectis
468 838 602 898 referens
616 835 756 896 multicia
769 837 853 915 mgis

154 939 353 1020 Vexatasque
369 956 472 999 comas
488 944 520 996 et
534 933 656 994 vultum
671 952 836 1013 auremque
851 933 1011 994 calentem.

147 1032 301 1117 'Protinus
316 1043 387 1095 ante
402 1053 505 1094 meum
523 1029 672 1111 quidquid
688 1028 774 1088 dolet
788 1048 866 1089 exue
881 1029 994 1104 limen;
1111 1045 1158 1092 190

154 1132 241 1194 Pone
256 1133 426 1193 demumst
441 1148 545 1192 servos
560 1136 591 1188 et
608 1125 759 1207 quidquid
773 1125 925 1206 frangitur
937 1125 998 1186 illis

154 1228 221 1290 Aut
234 1229 331 1309 perit3
351 1229 490 1308 ingratos
504 1235 577 1286 ante
595 1223 699 1284 omnia
712 1241 794 1303 pone
808 1222 938 1284 sodales.

154 1326 278 1386 Interea
291 1325 513 1406 Megalesiacae
529 1323 703 1404 spectacula
718 1339 857 1401 mappae,

154 1423 285 1482 Idaeum
299 1422 453 1496 sollemne,
469 1422 583 1495 colunt,
598 1419 766 1498 similisque
780 1417 937 1498 triumpho

156 1519 278 1580 Praeda
292 1519 478 1580 caballorum
492 1510 622 1578 Praetor
637 1515 725 1577 sedet
740 1535 784 1590 ac,
799 1514 876 1575 mihi
888 1533 965 1596 pace
1110 1533 1157 1579 195

155 1617 327 1678 Immensae
341 1615 514 1697 nimiaeque
527 1615 601 1676 licet
615 1615 640 1675 si
655 1614 756 1676 dicere
770 1613 877 1694 plebis,

155 1713 270 1775 Totam
283 1713 375 1774 hodie
390 1713 523 1774 Romam
538 1713 645 1774 Circus
660 1711 743 1792 capit
757 1720 789 1772 et
803 1711 906 1792 fragor
920 1730 1025 1774 aurem

154 1811 296 1872 Percutit
310 1821 455 1872 eventum
469 1810 575 1871 viridis
590 1830 650 1890 quo
665 1810 777 1890 colligo
791 1809 904 1890 panni:

85 1897 89 1904 ’
154 1907 238 1968 Nam
253 1909 279 1969 si
293 1908 438 1969 deficeret
451 1916 602 1969 moestam
616 1907 842 1988 attonitamque
856 1907 978 1978 videres

155 2005 246 2065 Hanc
260 2005 375 2080 urbem,
389 2005 488 2065 veluti
502 2006 676 2067 Cannarum
691 2005 724 2065 in
737 2006 865 2086 pulvere
879 2006 970 2068 victis
1110 2021 1157 2068 200

156 2101 347 2162 Consulibus.
389 2101 538 2181 Spectant
546 2102 686 2180 juvenes,
701 2122 778 2182 quos
793 2104 909 2164 clamor
922 2112 954 2166 et
969 2102 1069 2166 audax

93 2262 95 2266 ,
156 2198 295 2278 sponsio,
310 2218 386 2278 quos
400 2199 501 2259 cultae
516 2198 607 2259 decet
622 2199 769 2261 assedisse
783 2202 924 2281 puellaet

154 2294 271 2355 Nostra
284 2294 370 2355 bibat
385 2315 514 2356 vernum
528 2303 687 2356 contracta
702 2297 837 2357 cuticula
851 2299 948 2360 solem

154 2390 351 2472 Effugiatque
365 2401 482 2471 togam.
521 2392 593 2454 Jam
608 2413 691 2453 nunc
706 2393 738 2454 in
753 2395 865 2454 balnea
879 2396 964 2458 salva

154 2487 271 2549 Fronte
285 2489 358 2550 licet
371 2490 476 2564 vadas,
491 2508 667 2570 quanquam
683 2491 782 2551 solida
795 2493 872 2552 hora
889 2493 1022 2572 supersit
1110 2508 1158 2556 205

154 2586 206 2646 Ad
221 2596 348 2647 sextam.
388 2586 504 2648 Facere
518 2588 578 2648 hoc
592 2607 655 2648 non
669 2588 769 2668 possis
783 2588 918 2669 quinque
933 2590 1041 2652 diebus

155 2683 326 2757 Continuis,
341 2683 413 2763 quia
427 2692 500 2744 sunt
514 2683 586 2745 talis
601 2703 722 2764 quoque
736 2685 841 2745 taedia
853 2685 938 2748 vitae

154 2778 278 2859 Magna.
318 2777 507 2860 Voluptates
521 2781 721 2843 commendat
733 2780 831 2844 rarior
844 2801 926 2844 usus.
