2646 4170
183 382 225 446 94
499 393 656 441 11101111
678 390 885 440 cuvernam

181 565 279 625 Arma
293 569 462 641 coegerunt
476 569 540 620 tam
555 554 738 619 detestabile
752 565 924 624 monstrum

181 658 329 721 Audere?
370 657 464 717 Anne
481 657 573 715 aliam
589 665 671 714 terra
684 652 890 732 Memphitide
907 652 986 712 sicca

181 757 336 817 Invidiam
351 754 488 813 facerent
502 751 621 812 nolenti
636 769 760 829 surgere
774 749 872 808 Nilo?

182 855 253 928 Qua
267 872 324 913 neo
338 848 490 911 terribiles
506 847 632 921 Cimbri,
646 865 703 906 neo
717 845 861 904 Britones
875 864 1020 924 uuquam,

183 951 444 1026 Sauromataeque
459 953 562 1005 truces
577 952 631 1003 aut
645 943 794 1002 immanes
809 941 994 1021 Agathyrsi,
1139 957 1186 1002 125

182 1046 251 1105 Hae
266 1044 366 1106 saevit
379 1043 463 1102 rabie
478 1040 602 1100 imbelle
618 1047 649 1098 et
663 1037 773 1097 inutile
787 1036 908 1116 vulgus,

183 1143 320 1202 Parvula
332 1141 478 1201 fictilibus
493 1137 619 1199 solitum
633 1136 707 1194 dare
722 1135 792 1193 vela
806 1120 939 1212 phaselis

182 1239 226 1299 Et
239 1239 383 1298 brevibus
397 1237 498 1317 pictae
512 1233 605 1295 remis
619 1231 798 1292 incumbere
812 1238 920 1293 testae.

183 1335 251 1400 Neo
265 1353 396 1414 poenam
413 1332 518 1392 sceleri
532 1329 680 1402 invenies,
695 1347 753 1388 nec
768 1327 862 1406 digna
875 1327 996 1406 parabis

184 1431 340 1512 Supplicia
353 1431 400 1490 his
413 1422 543 1510 populis,
558 1428 590 1488 in
606 1447 736 1514 quorum
751 1434 854 1486 mente
869 1443 957 1502 pares
971 1432 1044 1482 sunt
1140 1439 1187 1484 130

183 1529 226 1587 Et
240 1527 354 1587 similes
368 1527 413 1585 ira
427 1536 519 1604 atque
532 1525 637 1584 fames.
678 1521 862 1585 Mollissima
877 1519 969 1580 corda

124 1653 127 1659 ·
183 1624 329 1684 Humano
343 1623 450 1703 generi
464 1623 537 1680 dare
552 1641 584 1681 se
598 1629 708 1681 natura
721 1619 838 1679 fatetur

184 1716 279 1792 Quae'
285 1719 426 1779 lacrimas
442 1718 544 1778 dedit:
565 1719 641 1777 haec
654 1717 753 1778 nostri
767 1735 838 1796 pars
852 1713 970 1792 optima
984 1732 1097 1774 sensus.

183 1818 310 1877 Plorare
325 1836 398 1896 ergo
408 1815 499 1895 jubet
514 1834 619 1875 casum
632 1814 768 1893 lugentis
783 1811 881 1884 amici,

184 1914 426 1993 Squaloremque
440 1911 493 1986 rei,
510 1911 661 1990 pupillum
676 1909 716 1969 ad
725 1910 797 1989 jura
811 1917 977 1970 vocantem
1140 1922 1187 1968 135

185 2009 499 2089 circumscriptorem,
514 2007 601 2088 cujus
615 2007 772 2066 manantia
786 2008 862 2067 fletu
1101 2005 1103 2012 ’

183 2107 248 2166 010
261 2107 413 2186 puellares
427 2104 544 2164 faciunt
558 2104 676 2164 incer-ta
691 2103 801 2183 capilli.

184 2203 324 2263 Naturae
339 2201 468 2281 imperio
483 2201 643 2280 gemimus,
659 2220 753 2279 quum
769 2200 861 2262 funus
876 2201 1000 2278 adultae

184 2299 324 2380 Virginis
339 2297 480 2368 occurrit,
495 2297 643 2357 volterra
658 2297 812 2357 clauditur
825 2299 927 2381 infans

184 2395 227 2456 Et
241 2396 341 2455 minor
354 2395 426 2474 igne
441 2393 516 2474 rogi.
557 2393 634 2466 Quis
649 2394 731 2454 enirn
745 2395 845 2456 bonus
860 2406 892 2456 et
906 2395 972 2455 face
987 2393 1098 2476 dignus
1141 2407 1187 2454 140

184 2494 316 2566 Arcana,
333 2493 454 2572 qualem
471 2491 590 2551 Cereris
604 2491 673 2551 vult
688 2510 753 2551 esse
769 2493 919 2566 sacerdos,

184 2589 260 2652 Ulla
274 2590 373 2649 aliena
388 2588 445 2649 sibi
460 2587 565 2648 credat
580 2587 684 2648 mala?
726 2587 856 2668 Separat
869 2590 928 2648 hoo
942 2607 998 2647 nos

119 2687 120 2692 ’
184 2687 215 2746 Α
228 2705 324 2765 grege
338 2694 503 2759 mutorum,
519 2693 612 2763 atque
627 2684 699 2744 ideo
713 2686 889 2745 venerabile
905 2685 960 2744 soli

156 2801 158 2804 ·
187 2782 477 2869 Sortitiingenium,
493 2781 729 2862 divinorumque
744 2801 879 2862 capaces,

184 2879 291 2958 Atque
306 2877 485 2937 exercendis
500 2877 718 2957 capiendisque
735 2879 851 2938 artibus
866 2878 939 2957 apti,
1033 2868 1051 2881 ”
1142 2894 1190 2938 145

187 2975 319 3034 Sensum
334 2993 352 3033 a
365 2973 490 3034 caelesti
506 2974 672 3034 demissum
689 2975 837 3034 traximus
853 2994 929 3047 arce,

187 3072 283 3151 Cujus
298 3080 391 3150 egent
405 3087 503 3151 prona
517 3079 549 3132 et
564 3079 678 3130 terram
693 3071 872 3150 spectantia.
917 3069 1029 3130 Mundi

185 3168 341 3248 Principio
355 3168 485 3229 indulsit
500 3166 670 3228 communis
685 3167 826 3227 conditor
839 3167 899 3227 illis

185 3266 321 3326 Tantum
337 3266 463 3340 animas,
477 3264 566 3324 nobis
581 3264 718 3323 animum
732 3283 862 3343 quoque,
877 3271 1003 3322 mutuus
1017 3271 1052 3321 ut
1066 3281 1123 3322 nos

186 3361 327 3422 Affectus
341 3371 446 3441 petere
462 3361 609 3420 auxilium
624 3369 656 3420 et
669 3349 825 3439 praestare
835 3360 969 3439 juberet,
1144 3373 1191 3419 150

185 3458 347 3538 Dispersos
361 3459 483 3518 trahere
497 3456 530 3515 in
545 3456 702 3535 populum,
717 3455 850 3536 migrare
866 3465 990 3515 vetusto

185 3554 234 3614 De
248 3574 373 3614 nemore
388 3564 421 3615 et
434 3553 557 3633 proavis
571 3553 727 3613 habitatas
741 3552 879 3632 linquere
895 3553 995 3626 silvas,
