2646 4170
148 387 189 452 82
440 360 444 366 ¹
463 403 499 450 D.
514 401 618 449 suun
639 395 872 448 Juvuunms·

145 568 289 633 Culmina
302 567 455 642 villarum,
468 566 593 628 Graecis
607 567 760 646 longeque
774 565 880 646 petitis

144 665 350 728 Marmoribus
364 664 491 724 vincens
505 662 664 724 Ilortunae
679 672 772 742 atque
787 661 931 724 Herculis
944 663 1061 740 aedem,
1120 679 1151 726 90

123 797 125 801 ·
144 765 192 826 Ut
206 764 302 846 spado
316 761 461 822 vincebat
477 759 630 838 Capitolia
644 768 749 819 nostra
763 757 901 819 Posides.

144 863 228 922 Dum
242 861 372 940 sicergo
388 856 508 918 habitat
523 856 695 928 Oetronius,
710 854 864 916 imminuit
877 875 951 931 rem,

144 959 252 1038 Fregit
266 976 348 1038 opes,
361 976 418 1016 nee
432 973 528 1034 parva
543 962 644 1013 tamen
660 945 804 1012 mensura
817 950 942 1012 relictae

143 1057 246 1116 Partis
260 1065 344 1130 erat3
364 1063 464 1115 totam
480 1053 560 1112 hane
575 1047 714 1109 turbavit
728 1047 810 1107 filius
823 1067 938 1123 amens,

143 1152 226 1222 Dum
241 1151 365 1212 meliore
380 1171 476 1211 novas
492 1146 608 1208 attollit
623 1165 775 1206 marmore
789 1144 886 1205 villas.

183 1248 317 1321 Quidam
332 1247 433 1308 sortiti
447 1255 640 1308 metuentem
655 1242 784 1303 sabbata
796 1252 918 1322 patrem

143 1345 197 1404 Nil
213 1355 333 1424 praeter
347 1344 443 1404 nubes
458 1353 490 1405 et
505 1342 582 1404 eaeli
597 1359 713 1400 numen
730 1339 870 1414 adorant,

142 1441 211 1501 Nee
224 1442 338 1500 distare
353 1449 465 1521 putant
478 1441 613 1501 humana
630 1459 720 1501 earne
736 1439 866 1511 suillam,

143 1538 213 1611 Qua
226 1547 315 1618 pater
329 1529 496 1611 abstinuit3
518 1557 589 1597 mox
605 1547 637 1598 et
652 1536 814 1618 praeputia
828 1543 958 1616 ponunt.

142 1634 298 1694 Romanas
313 1645 414 1696 autem
432 1634 514 1694 soliti
529 1643 727 1696 contemnere
742 1635 827 1714 leges
1102 1629 1150 1699 loll

140 1731 162 1791 J
166 1731 307 1812 udaieum
321 1730 463 1791 ediseunt
476 1740 508 1792 et
521 1741 646 1792 servant
660 1751 696 1792 ae
710 1739 855 1791 metuunt
870 1729 932 1810 jus,
955 1773 963 1782 -

142 1827 285 1888 Tradidit
300 1847 410 1888 arcano
425 1828 631 1908 quodeunque
646 1829 802 1889 volumine
817 1828 941 1904 Moses;

118 1945 120 1950 ’
143 1925 216 1984 Non
231 1934 402 1986 monstrare
417 1926 482 1985 vias
498 1925 606 1987 eadem
621 1926 679 1986 nisi
694 1945 780 1986 saera
791 1927 915 2002 colenti,

142 2021 325 2094 Quaesitum
339 2021 378 2080 ad
392 2021 511 2082 fontem
525 2022 605 2083 solos
620 2021 773 2084 deducere
788 2043 908 2105 verpos.

143 2119 205 2178 Sed
219 2128 307 2197 pater
320 2119 352 2178 in
367 2137 466 2193 eausa,
482 2119 532 2179 eui
546 2119 676 2199 septima
691 2140 830 2201 quaeque
845 2122 904 2182 fuit
917 2122 971 2182 lux
1100 2135 1146 2184 105

28 2224 31 2229 '
51 2229 53 2234 '
142 2213 260 2295 Ignava
274 2225 306 2276 et
320 2225 441 2294 partem
454 2215 537 2276 vitae
552 2236 614 2276 non
630 2217 736 2296 attigit
751 2219 853 2278 ullam

184 2310 299 2390 Sponte
314 2321 419 2372 tamen
434 2311 566 2391 juvenes
581 2311 743 2374 imitantur
758 2326 868 2390 cetera,
884 2315 979 2376 solam

142 2406 237 2467 Inviti
252 2428 373 2488 quoque
388 2408 549 2468 avaritiam
563 2429 706 2471 exercere
722 2411 881 2491 jubentur.

143 2504 236 2564 Fallit
250 2503 333 2564 enim
346 2504 455 2564 vitium
471 2505 572 2585 speeie
587 2507 711 2568 virtutis
726 2519 758 2569 et
772 2511 889 2584 umbra,

143 2601 247 2674 Quum
261 2601 301 2661 sit
315 2601 403 2662 triste
418 2601 526 2662 habitu
540 2605 690 2684 vultuque
706 2615 738 2666 et
752 2616 838 2668 veste
853 2627 1001 2667 severum.
1100 2621 1147 2669 110

142 2699 211 2758 Nee
225 2696 317 2758 dubie
331 2708 478 2778 tanquam
493 2699 574 2779 frugi
588 2702 734 2763 laudatur
748 2723 865 2778 avarus,

143 2795 303 2874 Tanquam
317 2815 426 2874 pareus
440 2796 533 2856 homo
548 2807 580 2858 et
594 2818 695 2859 rerum
710 2801 811 2880 tutela¹
824 2807 945 2862 surarum

54 2967 58 2978 ·
144 2891 236 2952 Certa
250 2891 347 2969 magis
361 2911 453 2970 quam
467 2892 494 2951 si
508 2873 646 2956 fortunas
660 2906 762 2957 servet
777 2898 900 2958 easdem
976 2903 978 2908 '
1076 2903 1084 2916 ‘

144 2986 350 3067 Hesperidum
363 3007 489 3066 serpens
504 3000 558 3051 aut
572 2991 731 3054 Pontieus.
763 2986 865 3054 'Adde
881 2995 964 3074 quod
978 2994 1060 3055 hune
1075 2995 1115 3054 de
1168 3033 1171 3039 ·

144 3084 214 3157 Quo
228 3085 337 3162 loquor
351 3085 509 3166 egregium
522 3091 655 3168 populus
669 3099 760 3170 putat
774 3091 952 3170 acquirendi
975 3082 979 3089 ’
1099 3105 1146 3152 1111

143 3180 321 3240 Artificem:
344 3181 457 3262 quippe
472 3183 519 3243 his
534 3195 676 3246 creseunt
687 3187 872 3266 patrimonia
885 3187 996 3247 fabris:
1107 3212 1109 3215 ·

145 3278 206 3337 Sed
222 3289 363 3340 creseunt
377 3299 561 3360 quoeunque
575 3281 678 3356 modo,
693 3283 870 3363 majoraque
883 3282 962 3344 fiunt

144 3373 261 3436 incude
276 3375 398 3436 assidua
411 3396 592 3456 semperque
607 3379 735 3439 ardente
750 3381 880 3441 camino,

144 3471 186 3530 Et
200 3481 288 3552 pater
302 3493 375 3554 ergo
390 3471 483 3533 animi
497 3472 600 3533 felices
615 3475 712 3535 eredit
727 3495 843 3550 avaros,

145 3567 207 3639 Qui
220 3570 348 3630 miratur
361 3587 444 3649 opes,
459 3567 512 3648 qui
525 3570 611 3630 nulla
625 3572 765 3651 exempla
777 3573 861 3633 beati
1099 3589 1147 3637 120
