2622 4168
547 418 684 466 suman
705 409 761 466 111.

150 583 241 643 Solus
254 582 358 644 habet.
398 583 482 644 Nam
497 605 591 664 quum
604 585 726 646 facilem
740 583 869 645 stillavit
882 584 913 644 in
929 604 1034 645 aurern

148 679 306 760 Exiguum
320 680 359 738 de
372 689 500 741 naturae
513 683 692 762 patriaeque
706 701 835 755 veneno,

148 777 271 836 Limine
285 797 497 853 summoveor;
518 779 675 857 perierunt
690 789 829 858 tempora
842 778 929 858 longi

150 873 285 934 Servitii.
325 873 489 953 Nusquam
503 875 603 934 minor
616 883 664 934 est
679 875 803 954 jactura
817 874 945 934 clientis.
1108 891 1154 936 125

190 969 283 1041 Quod
297 988 388 1049 porro
403 970 544 1045 officium,
558 991 596 1031 ne
611 971 700 1031 nohis
712 971 861 1044 blandiar,
877 979 930 1030 aut
944 972 1028 1050 quod

149 1067 298 1147 Pauperis
312 1068 363 1129 hic
377 1069 530 1142 meritum,
545 1069 569 1128 si
585 1077 671 1128 curet
684 1077 776 1128 nocte
790 1077 916 1147 togatus

151 1165 289 1240 Currere,
305 1186 401 1245 quum
414 1175 538 1246 praetor
552 1166 692 1226 lictorem
707 1165 845 1244 impellat
860 1175 891 1225 et
905 1165 949 1226 ire

150 1261 356 1343 Praecipitem
372 1263 483 1343 jubeat
498 1263 616 1322 dudum
630 1263 831 1342 vigilantibus
846 1262 935 1337 orbis,

150 1357 201 1418 Ne
215 1358 298 1438 prior
310 1359 459 1420 Albinam
473 1368 505 1420 et
518 1359 657 1420 Modiam
672 1361 790 1439 collega
804 1360 940 1420 salutet?

149 1455 266 1514 Divitis
280 1456 330 1516 hic
345 1456 425 1516 servi
441 1456 557 1517 claudit
571 1457 652 1517 latus
667 1457 872 1536 ingenuorum

150 1551 248 1612 Filius
260 1573 267 1612 ι
288 1553 366 1613 alter
380 1553 462 1614 enim
477 1563 626 1634 quantum
641 1553 674 1613 in
687 1553 809 1633 legione
823 1553 937 1615 tribuni

150 1649 318 1728 Accipiunt
333 1650 429 1711 donat
445 1651 592 1712 Calvinae
607 1652 657 1710 vel
672 1652 828 1725 Catienae,

151 1746 199 1808 Ut
214 1748 307 1806 semel
322 1757 414 1828 atque
429 1749 542 1809 iterum
556 1770 647 1829 super
660 1749 746 1809 illam
760 1749 908 1830 palpitet:
930 1759 962 1811 at
975 1759 1019 1825 tu,

152 1843 258 1916 Quum
271 1846 328 1906 tibi
343 1846 448 1906 vestiti
460 1847 554 1908 facies
569 1847 661 1908 scorti
674 1849 785 1928 placet,
799 1850 907 1910 haeres

151 1941 195 2004 Et
208 1943 332 2004 dubitas
346 1944 409 2005 alta
425 1945 563 2006 Chionen
578 1945 730 2007 deducere
746 1947 828 2007 sella.

151 2041 203 2100 Da
215 2050 328 2102 testem
342 2041 460 2105 Romae
474 2054 542 2104 tam
555 2054 696 2106 sanctum
710 2063 803 2124 quam
817 2043 876 2106 suit
889 2045 1000 2126 hospes

151 2138 296 2201 Numinis
310 2140 414 2216 Idaei3
435 2143 583 2222 procedat
596 2145 647 2203 vel
661 2143 766 2203 Numa
779 2143 830 2204 vel
844 2143 897 2223 qui

153 2238 296 2301 Servavit
309 2241 462 2321 trepidam
476 2243 618 2323 flagranti
633 2264 671 2303 ex
686 2243 762 2304 aede
776 2240 969 2318 Minervam3

151 2334 299 2398 Protinus
314 2340 353 2398 ad
368 2359 501 2415 censum,
516 2341 556 2401 de
570 2342 705 2402 mor-ibus
719 2341 827 2402 ultima
840 2341 896 2401 fiet

152 2432 319 2504 Quaestio:
340 2443 445 2516 “quot
458 2438 556 2517 pascit
570 2441 700 2500 servos?
721 2449 798 2520 quot
811 2439 949 2519 possidet
963 2439 1028 2519 agri

150 2529 173 2590 J
174 2533 289 2610 ugera?
311 2553 403 2613 quam
417 2535 514 2596 multa
528 2556 701 2617 magnaque
715 2535 877 2617 paropside
893 2536 1028 2595 coenat?
1038 2534 1054 2564 ”

152 2627 312 2699 Quantum
327 2632 454 2711 quisque
469 2653 524 2693 sua
537 2655 734 2694 nummorum
749 2641 851 2694 servat
864 2631 896 2692 in
913 2651 984 2691 arca

151 2724 287 2786 Tantum
301 2729 395 2789 habet
410 2737 441 2788 et
455 2729 536 2790 fidei.
576 2731 598 2792 J
600 2751 668 2792 ures
681 2732 755 2793 licet
769 2739 801 2791 et
816 2730 1051 2790 Samothracum

151 2819 194 2881 Et
208 2832 382 2884 nostrorum
397 2845 464 2886 aras
478 2837 673 2888 contemnere
688 2829 816 2888 fulmina
829 2846 945 2907 pauper

152 2916 298 2978 Creditur
312 2930 404 3000 atque
419 2922 502 2996 deos,
518 2924 564 2984 dis
576 2925 809 3004 'ignoscentibus
823 2924 911 3003 ipsis.-

151 3012 244 3089 Quid‚
260 3016 342 3094 quod
356 3017 517 3078 materiam
531 3022 657 3098 praebet
672 3041 837 3101 causasque
853 3020 996 3104 jocorum

150 3109 302 3171 Omnibus
316 3112 366 3173 hic
380 3112 471 3188 idern,
486 3115 512 3175 si
524 3117 614 3176 foeda
628 3126 660 3176 et
674 3118 767 3178 scissa
780 3119 910 3194 lacerna,

151 3205 185 3266 Si
199 3215 273 3286 toga
288 3209 444 3268 sordidula
458 3221 505 3271 est
519 3220 551 3272 et
564 3224 656 3292 rupta
670 3215 789 3275 calceus
804 3217 881 3276 alter

149 3302 236 3362 Pelle
251 3312 357 3382 patet:
378 3307 428 3366 vel
443 3306 468 3367 si
482 3318 611 3369 consuto
626 3311 753 3370 vulnere
768 3331 902 3372 crassum

148 3399 255 3479 Atque
269 3420 376 3462 reeens
390 3402 488 3463 linum
502 3406 638 3466 ostendit
653 3427 715 3466 non
730 3427 791 3466 una
805 3409 941 3478 cicatrix.

148 3496 203 3574 Nil
216 3496 310 3558 habet
323 3497 429 3558 infelix
443 3511 608 3579 paupertas
622 3502 727 3562 durius
740 3504 772 3562 in
788 3525 820 3565 se

148 3590 252 3666 Quam
267 3593 350 3672 quod
365 3595 510 3657 ridiculos
522 3598 662 3658 homines
676 3599 758 3659 facit.
798 3608 816 3637 ‘⁶
826 3601 953 3676 Exeat?
966 3602 1075 3682 inquit,
