2622 4168
563 389 697 441 suumn
719 391 770 440 Ν.

160 562 280 625 Vendit
295 580 401 643 agros:
422 559 477 622 sed
491 560 622 639 majores
635 557 753 638 Apulia
766 556 884 618 vendit.

161 661 277 735 Quales
290 669 366 721 tuno
380 658 485 738 epulas
499 657 600 737 ipsum
614 655 741 736 glutisse
755 665 901 735 putamus

160 757 425 840 induperatorem,
441 774 536 834 quum
550 762 599 814 tot
612 751 761 826 sestertia,
775 759 896 830 partem

160 857 315 938 Exiguam
328 866 361 919 et
374 853 514 916 modicae
529 859 685 931 sumptam
700 849 738 910 de
753 849 891 928 margine
905 867 1028 924 coenae,
1133 863 1164 911 3ο

159 954 338 1034 Purpureus
351 953 456 1033 magni
469 949 600 1011 ructarit
614 966 717 1008 scurra
731 945 844 1020 Palati,

158 1051 180 1113 J
182 1071 231 1111 am
244 1051 386 1131 princeps
400 1051 559 1132 Equitum,
574 1065 686 1126 magna
701 1043 754 1125 qui
767 1062 844 1104 voce
858 1042 978 1104 solebat

159 1148 306 1210 Vendere
320 1149 490 1226 municipes
503 1148 600 1207 fracta
614 1145 654 1203 de
669 1159 769 1202 merce
784 1138 902 1200 siluros.

159 1244 275 1324 Incipe,
290 1245 436 1324 Calliope,
447 1245 520 1304 licet
534 1254 567 1304 et
581 1242 760 1304 considere:
783 1260 846 1302 non
860 1248 908 1300 est

159 1342 367 1416 (lentandum,
381 1362 430 1402 res
444 1361 518 1401 vera
531 1341 651 1422 agitur:
672 1347 804 1412 narrate,
818 1335 944 1416 puellae

158 1438 316 1500 Pierides:
337 1439 435 1519 prosit
448 1439 524 1499 mibi
537 1459 594 1500 vos
609 1438 722 1499 dixisse
736 1436 863 1516 puellas.

116 1555 119 1562 ‘
199 1535 304 1608 Quum
317 1536 385 1616 jam
399 1536 611 1596 semianimum
625 1536 774 1596 laceraret
788 1531 917 1594 Flavius
931 1531 1038 1593 orbem

157 1632 297 1694 Ultimus
311 1642 343 1693 et
357 1635 448 1694 calvo
462 1633 590 1693 serviret
605 1632 707 1693 Roma
722 1631 851 1704 Neroni,

157 1728 280 1791 Incidet
294 1730 442 1790 Hadriaci
456 1731 591 1809 spatium
605 1729 784 1791 admirabile
798 1728 922 1790 rhombi

156 1827 243 1888 Ante
257 1827 386 1888 domum
399 1826 531 1888 Veneris
546 1846 639 1906 quam
652 1826 767 1887 Dorica
781 1826 912 1888 sustinet
926 1824 1048 1898 Ancon,

156 1923 365 2005 Implevitqne
379 1924 480 1984 sinus:
501 1944 602 2004 neque
616 1924 698 1984 enim
712 1923 814 1984 minor
826 1925 968 1984 haeserat
981 1923 1041 1984 illis

81 2075 82 2078 ,
157 2021 243 2095 Quos
258 2023 358 2102 operit
371 2021 485 2102 glacies
498 2021 654 2082 Maeotica
667 2030 819 2102 ruptaque
833 2022 962 2083 tandem

157 2117 280 2179 Solibus
295 2119 425 2180 effundit
438 2118 590 2198 torpentis
603 2119 645 2179 ad
660 2119 739 2179 ostia
752 2118 857 2194 Ponti,

155 2215 285 2277 Desidia
298 2217 403 2278 tardos
418 2225 450 2277 et
464 2216 559 2296 longo
572 2217 685 2296 nigore
699 2216 839 2296 pingues.

154 2312 302 2373 Destinat
316 2313 376 2374 hoo
389 2323 562 2374 monstrum
576 2314 705 2392 cymbae
720 2313 837 2394 linique
851 2314 999 2395 magister

155 2409 303 2470 Pontifici
317 2429 446 2470 summo.
488 2409 566 2481 Quis
579 2409 662 2470 enim
677 2429 848 2490 proponere
862 2411 959 2471 talem

156 2507 223 2568 Aut
237 2526 339 2568 emere
355 2506 492 2580 auderet,
506 2526 602 2586 quum
615 2507 707 2587 plena
722 2516 754 2569 et
767 2507 859 2569 litora
872 2509 973 2568 multo

154 2601 303 2664 Delatore
316 2603 442 2664 forent?
481 2585 621 2682 Dispersi
635 2604 776 2684 protinus
792 2606 880 2686 algae

154 2697 357 2778 Inquisitores
372 2709 499 2780 agerent
513 2720 584 2763 oum
597 2701 714 2782 remige
729 2702 825 2776 nudo,

154 2796 229 2859 Non
244 2797 415 2858 dubitaturi
426 2796 593 2877 fugitivum
609 2799 710 2860 dicere
725 2799 841 2879 piscem

153 2893 386 2973 Depastumque
401 2893 455 2954 diu
469 2895 587 2956 vivaria
602 2897 759 2973 Caesaris3
779 2897 851 2958 inde

154 2990 303 3070 Elapsum
317 3000 454 3051 veterem
470 2992 509 3052 ad
524 2993 685 3054 dominum
699 2994 811 3055 debere
825 2995 949 3056 reverti.

155 3087 189 3149 si
204 3088 278 3168 quid
292 3087 438 3163 Palfurio,
454 3089 480 3150 si
495 3091 648 3151 oredimus
663 3091 839 3167 Armillato,

154 3185 314 3264 Quidquid
329 3185 530 3264 conspicuum
543 3188 745 3267 pulcrumque
760 3198 807 3249 est
822 3208 954 3270 aequore
968 3197 1036 3250 toto

153 3281 217 3343 Res
230 3281 297 3342 fisci
311 3291 358 3344 est
373 3269 548 3363 ubicunque
563 3292 659 3344 natat.
699 3283 877 3346 Donabitur
890 3305 965 3366 ergo

152 3378 203 3439 Ne
217 3390 332 3458 pereat.
373 3380 395 3441 J
397 3400 447 3440 arn
460 3381 580 3441 letifero
596 3381 725 3441 cedente
740 3381 857 3460 pruinis

114 3551 117 3557 Ι
153 3475 325 3553 Autumn0,
340 3477 408 3554 jam
422 3486 605 3557 quartanam
619 3476 814 3557 sperantibus
829 3477 936 3558 aegris,

155 3571 314 3634 Stridebat
328 3574 473 3635 defcnnis
486 3573 585 3634 hiems
598 3573 806 3654 praedamque
821 3583 978 3636 recentem
