<?xml version="1.0" encoding="UTF-8"?>
<!DOCTYPE html PUBLIC "-//W3C//DTD XHTML 1.0 Transitional//EN"
    "http://www.w3.org/TR/xhtml1/DTD/xhtml1-transitional.dtd">
<html xmlns="http://www.w3.org/1999/xhtml" xml:lang="en" lang="en">
 <head>
  <title>
</title>
<meta http-equiv="Content-Type" content="text/html;charset=utf-8" />
  <meta name='ocr-system' content='tesseract 3.04.00' />
  <meta name='ocr-capabilities' content='ocr_page ocr_carea ocr_par ocr_line ocrx_word'/>
</head>
<body>
  <div class='ocr_page' id='page_1' title='image "./thirteensatires01hartgoog_0071.png"; bbox 0 0 2622 4168; ppageno 0'>
   <div class='ocr_carea' id='block_1_1' title="bbox 196 431 892 508">
    <p class='ocr_par' dir='ltr' id='par_1_1' title="bbox 196 431 892 508">
     <span class='ocr_line' id='line_1_1' title="bbox 196 431 892 508; baseline -0.014 -11"><span class='ocrx_word' id='word_1_1' title='bbox 196 431 238 498; x_wconf 78' lang='lat'>52</span> <span class='ocrx_word' id='word_1_2' title='bbox 418 504 421 508; x_wconf 50' lang='grc'>,</span> <span class='ocrx_word' id='word_1_3' title='bbox 500 445 536 492; x_wconf 87' lang='lat' dir='ltr'>n.</span> <span class='ocrx_word' id='word_1_4' title='bbox 559 443 663 492; x_wconf 75' lang='lat' dir='ltr'>suun</span> <span class='ocrx_word' id='word_1_5' title='bbox 684 438 892 508; x_wconf 75' lang='grc'>0000100000</span> 
     </span>
    </p>
   </div>
   <div class='ocr_carea' id='block_1_2' title="bbox 196 603 1302 1178">
    <p class='ocr_par' dir='ltr' id='par_1_2' title="bbox 196 603 1302 1178">
     <span class='ocr_line' id='line_1_2' title="bbox 197 603 1302 695; baseline -0.014 -19"><span class='ocrx_word' id='word_1_6' title='bbox 197 615 260 676; x_wconf 86' lang='lat' dir='ltr'>Sed</span> <span class='ocrx_word' id='word_1_7' title='bbox 275 613 373 695; x_wconf 88' lang='lat' dir='ltr'>qualis</span> <span class='ocrx_word' id='word_1_8' title='bbox 388 612 499 672; x_wconf 80' lang='lat' dir='ltr'>rediit?</span> <span class='ocrx_word' id='word_1_9' title='bbox 520 628 631 690; x_wconf 84' lang='lat' dir='ltr'>nempe</span> <span class='ocrx_word' id='word_1_10' title='bbox 646 628 708 668; x_wconf 86' lang='lat' dir='ltr'>una</span> <span class='ocrx_word' id='word_1_11' title='bbox 722 626 810 681; x_wconf 86' lang='lat' dir='ltr'>nave,</span> <span class='ocrx_word' id='word_1_12' title='bbox 825 603 961 666; x_wconf 87' lang='lat' dir='ltr'>cruentis</span> <span class='ocrx_word' id='word_1_13' title='bbox 1152 617 1199 663; x_wconf 76' lang='lat'>185</span> <span class='ocrx_word' id='word_1_14' title='bbox 1301 607 1302 614; x_wconf 76' lang='grc'>’</span> 
     </span>
     <span class='ocr_line' id='line_1_3' title="bbox 196 703 979 786; baseline -0.01 -15"><span class='ocrx_word' id='word_1_15' title='bbox 196 711 368 784; x_wconf 73' lang='lat' dir='ltr'>Fluctibus,</span> <span class='ocrx_word' id='word_1_16' title='bbox 383 728 419 769; x_wconf 89' lang='grc'>00</span> <span class='ocrx_word' id='word_1_17' title='bbox 432 707 523 768; x_wconf 83' lang='lat' dir='ltr'>tarda</span> <span class='ocrx_word' id='word_1_18' title='bbox 535 726 591 786; x_wconf 90' lang='lat' dir='ltr'>per</span> <span class='ocrx_word' id='word_1_19' title='bbox 604 706 700 765; x_wconf 89' lang='lat' dir='ltr'>densa</span> <span class='ocrx_word' id='word_1_20' title='bbox 714 703 865 764; x_wconf 87' lang='lat' dir='ltr'>cadavera</span> <span class='ocrx_word' id='word_1_21' title='bbox 879 719 979 782; x_wconf 76' lang='lat' dir='ltr'>prora</span> 
     </span>
     <span class='ocr_line' id='line_1_4' title="bbox 197 787 867 884; baseline -0.012 -18"><span class='ocrx_word' id='word_1_22' title='bbox 197 808 263 868; x_wconf 85' lang='lat' dir='ltr'>llas</span> <span class='ocrx_word' id='word_1_23' title='bbox 277 807 371 868; x_wconf 90' lang='lat' dir='ltr'>toties</span> <span class='ocrx_word' id='word_1_24' title='bbox 385 813 494 884; x_wconf 87' lang='lat' dir='ltr'>optata</span> <span class='ocrx_word' id='word_1_25' title='bbox 508 787 611 882; x_wconf 82' lang='lat' dir='ltr'>exegit</span> <span class='ocrx_word' id='word_1_26' title='bbox 624 801 724 882; x_wconf 85' lang='lat' dir='ltr'>gloria</span> <span class='ocrx_word' id='word_1_27' title='bbox 736 798 867 880; x_wconf 84' lang='lat' dir='ltr'>poenas!</span> 
     </span>
     <span class='ocr_line' id='line_1_5' title="bbox 236 893 1086 984; baseline -0.012 -20"><span class='ocrx_word' id='word_1_28' title='bbox 236 904 313 963; x_wconf 89' lang='lat' dir='ltr'>“Da</span> <span class='ocrx_word' id='word_1_29' title='bbox 327 901 461 984; x_wconf 88' lang='lat' dir='ltr'>spatium</span> <span class='ocrx_word' id='word_1_30' title='bbox 476 899 570 972; x_wconf 86' lang='lat' dir='ltr'>vitae,</span> <span class='ocrx_word' id='word_1_31' title='bbox 583 898 699 958; x_wconf 89' lang='lat' dir='ltr'>multos</span> <span class='ocrx_word' id='word_1_32' title='bbox 713 897 762 970; x_wconf 87' lang='lat' dir='ltr'>da,</span> <span class='ocrx_word' id='word_1_33' title='bbox 776 894 798 956; x_wconf 92' lang='lat' dir='ltr'><strong>J</strong></span> <span class='ocrx_word' id='word_1_34' title='bbox 799 894 929 974; x_wconf 87' lang='lat' dir='ltr'>uppiter,</span> <span class='ocrx_word' id='word_1_35' title='bbox 945 894 1058 955; x_wconf 89' lang='lat' dir='ltr'>annos!</span> <span class='ocrx_word' id='word_1_36' title='bbox 1070 893 1086 922; x_wconf 91' lang='lat'>”</span> 
     </span>
     <span class='ocr_line' id='line_1_6' title="bbox 197 991 970 1072; baseline -0.016 -10"><span class='ocrx_word' id='word_1_37' title='bbox 197 1001 267 1062; x_wconf 92' lang='lat' dir='ltr'>Hoo</span> <span class='ocrx_word' id='word_1_38' title='bbox 281 1009 365 1061; x_wconf 92' lang='lat' dir='ltr'>recto</span> <span class='ocrx_word' id='word_1_39' title='bbox 380 999 478 1071; x_wconf 89' lang='lat' dir='ltr'>vultu,</span> <span class='ocrx_word' id='word_1_40' title='bbox 493 996 593 1057; x_wconf 92' lang='lat' dir='ltr'>solum</span> <span class='ocrx_word' id='word_1_41' title='bbox 606 994 665 1053; x_wconf 89' lang='lat' dir='ltr'>hoc</span> <span class='ocrx_word' id='word_1_42' title='bbox 680 1001 713 1052; x_wconf 92' lang='lat' dir='ltr'>et</span> <span class='ocrx_word' id='word_1_43' title='bbox 726 991 859 1072; x_wconf 89' lang='lat' dir='ltr'>pallidus</span> <span class='ocrx_word' id='word_1_44' title='bbox 873 1000 970 1070; x_wconf 86' lang='lat' dir='ltr'>optas.</span> 
     </span>
     <span class='ocr_line' id='line_1_7' title="bbox 198 1090 1199 1178; baseline -0.01 -20"><span class='ocrx_word' id='word_1_45' title='bbox 198 1099 261 1158; x_wconf 85' lang='lat' dir='ltr'>Sed</span> <span class='ocrx_word' id='word_1_46' title='bbox 276 1117 368 1178; x_wconf 89' lang='lat' dir='ltr'>quam</span> <span class='ocrx_word' id='word_1_47' title='bbox 382 1093 536 1156; x_wconf 79' lang='lat' dir='ltr'>continuis</span> <span class='ocrx_word' id='word_1_48' title='bbox 551 1101 583 1152; x_wconf 92' lang='lat' dir='ltr'>et</span> <span class='ocrx_word' id='word_1_49' title='bbox 598 1090 721 1170; x_wconf 89' lang='lat' dir='ltr'>quantis</span> <span class='ocrx_word' id='word_1_50' title='bbox 735 1090 829 1168; x_wconf 84' lang='lat' dir='ltr'>longa</span> <span class='ocrx_word' id='word_1_51' title='bbox 842 1097 984 1149; x_wconf 88' lang='lat' dir='ltr'>senectus</span> <span class='ocrx_word' id='word_1_52' title='bbox 1154 1101 1199 1148; x_wconf 84' lang='grc'>100</span> 
     </span>
    </p>
   </div>
   <div class='ocr_carea' id='block_1_3' title="bbox 197 1185 1152 1369">
    <p class='ocr_par' dir='ltr' id='par_1_3' title="bbox 197 1185 1152 1369">
     <span class='ocr_line' id='line_1_8' title="bbox 197 1185 1152 1255; baseline -0.014 0"><span class='ocrx_word' id='word_1_53' title='bbox 197 1195 296 1255; x_wconf 85' lang='lat' dir='ltr'>Plena</span> <span class='ocrx_word' id='word_1_54' title='bbox 308 1193 412 1254; x_wconf 79' lang='lat' dir='ltr'>malis!</span> <span class='ocrx_word' id='word_1_55' title='bbox 453 1190 634 1251; x_wconf 88' lang='lat' dir='ltr'>Deformem</span> <span class='ocrx_word' id='word_1_56' title='bbox 648 1195 681 1247; x_wconf 90' lang='lat' dir='ltr'>et</span> <span class='ocrx_word' id='word_1_57' title='bbox 694 1195 810 1246; x_wconf 89' lang='lat' dir='ltr'>tetrum</span> <span class='ocrx_word' id='word_1_58' title='bbox 826 1194 898 1245; x_wconf 91' lang='lat' dir='ltr'>ante</span> <span class='ocrx_word' id='word_1_59' title='bbox 913 1185 1016 1246; x_wconf 88' lang='lat' dir='ltr'>omnia</span> <span class='ocrx_word' id='word_1_60' title='bbox 1029 1186 1152 1245; x_wconf 87' lang='lat' dir='ltr'>vultum</span> 
     </span>
     <span class='ocr_line' id='line_1_9' title="bbox 197 1283 980 1369; baseline -0.011 -18"><span class='ocrx_word' id='word_1_61' title='bbox 197 1291 444 1369; x_wconf 89' lang='lat' dir='ltr'>Dissimilemque</span> <span class='ocrx_word' id='word_1_62' title='bbox 459 1288 515 1362; x_wconf 90' lang='lat' dir='ltr'>sui,</span> <span class='ocrx_word' id='word_1_63' title='bbox 529 1286 697 1346; x_wconf 88' lang='lat' dir='ltr'>deformem</span> <span class='ocrx_word' id='word_1_64' title='bbox 712 1303 768 1362; x_wconf 91' lang='lat' dir='ltr'>pro</span> <span class='ocrx_word' id='word_1_65' title='bbox 783 1291 853 1343; x_wconf 87' lang='lat' dir='ltr'>outc</span> <span class='ocrx_word' id='word_1_66' title='bbox 867 1283 980 1363; x_wconf 91' lang='lat' dir='ltr'>pellem</span> 
     </span>
    </p>
   </div>
   <div class='ocr_carea' id='block_1_4' title="bbox 198 1380 981 1560">
    <p class='ocr_par' dir='ltr' id='par_1_4' title="bbox 198 1380 981 1560">
     <span class='ocr_line' id='line_1_10' title="bbox 198 1380 913 1466; baseline -0.017 -18"><span class='ocrx_word' id='word_1_67' title='bbox 198 1389 435 1466; x_wconf 87' lang='lat' dir='ltr'>Pendentesque</span> <span class='ocrx_word' id='word_1_68' title='bbox 449 1404 544 1466; x_wconf 86' lang='lat' dir='ltr'>genas</span> <span class='ocrx_word' id='word_1_69' title='bbox 558 1392 590 1444; x_wconf 90' lang='grc'>00</span> <span class='ocrx_word' id='word_1_70' title='bbox 604 1382 681 1443; x_wconf 84' lang='grc'>00100</span> <span class='ocrx_word' id='word_1_71' title='bbox 697 1380 798 1460; x_wconf 79' lang='lat' dir='ltr'>aspice</span> <span class='ocrx_word' id='word_1_72' title='bbox 812 1399 913 1460; x_wconf 86' lang='lat' dir='ltr'>rugas,</span> 
     </span>
     <span class='ocr_line' id='line_1_11' title="bbox 199 1476 981 1560; baseline -0.012 -15"><span class='ocrx_word' id='word_1_73' title='bbox 199 1484 323 1558; x_wconf 78' lang='lat' dir='ltr'>Quales,</span> <span class='ocrx_word' id='word_1_74' title='bbox 337 1483 518 1542; x_wconf 81' lang='lat' dir='ltr'>umbriferos</span> <span class='ocrx_word' id='word_1_75' title='bbox 532 1481 584 1541; x_wconf 92' lang='lat' dir='ltr'>ubi</span> <span class='ocrx_word' id='word_1_76' title='bbox 598 1479 709 1560; x_wconf 91' lang='lat' dir='ltr'>pandit</span> <span class='ocrx_word' id='word_1_77' title='bbox 723 1476 864 1537; x_wconf 88' lang='lat' dir='ltr'>Tabraca</span> <span class='ocrx_word' id='word_1_78' title='bbox 877 1477 981 1552; x_wconf 88' lang='lat' dir='ltr'>saltus,</span> 
     </span>
    </p>
   </div>
   <div class='ocr_carea' id='block_1_5' title="bbox 198 1573 1302 1666">
    <p class='ocr_par' dir='ltr' id='par_1_5' title="bbox 198 1573 1302 1666">
     <span class='ocr_line' id='line_1_12' title="bbox 198 1573 1302 1666; baseline -0.008 -26"><span class='ocrx_word' id='word_1_79' title='bbox 198 1580 238 1642; x_wconf 95' lang='lat' dir='ltr'>In</span> <span class='ocrx_word' id='word_1_80' title='bbox 252 1580 357 1640; x_wconf 87' lang='lat' dir='ltr'>vetula</span> <span class='ocrx_word' id='word_1_81' title='bbox 371 1578 480 1658; x_wconf 78' lang='lat' dir='ltr'>scalpit</span> <span class='ocrx_word' id='word_1_82' title='bbox 489 1579 556 1659; x_wconf 86' lang='lat' dir='ltr'>jam</span> <span class='ocrx_word' id='word_1_83' title='bbox 570 1586 670 1637; x_wconf 88' lang='lat' dir='ltr'>mater</span> <span class='ocrx_word' id='word_1_84' title='bbox 684 1575 773 1638; x_wconf 88' lang='lat' dir='ltr'>simia</span> <span class='ocrx_word' id='word_1_85' title='bbox 786 1573 892 1635; x_wconf 88' lang='lat' dir='ltr'>bucca.</span> <span class='ocrx_word' id='word_1_86' title='bbox 1154 1587 1200 1633; x_wconf 81' lang='grc'>100</span> <span class='ocrx_word' id='word_1_87' title='bbox 1301 1659 1302 1666; x_wconf 13' lang='lat'>¹</span> 
     </span>
    </p>
   </div>
   <div class='ocr_carea' id='block_1_6' title="bbox 198 1670 1207 3686">
    <p class='ocr_par' dir='ltr' id='par_1_6' title="bbox 199 1670 1018 1942">
     <span class='ocr_line' id='line_1_13' title="bbox 199 1670 1014 1756; baseline -0.006 -19"><span class='ocrx_word' id='word_1_88' title='bbox 199 1676 338 1738; x_wconf 85' lang='lat' dir='ltr'>Plurima</span> <span class='ocrx_word' id='word_1_89' title='bbox 351 1684 423 1737; x_wconf 88' lang='lat' dir='ltr'>sunt</span> <span class='ocrx_word' id='word_1_90' title='bbox 432 1675 584 1756; x_wconf 90' lang='lat' dir='ltr'>juvenum</span> <span class='ocrx_word' id='word_1_91' title='bbox 598 1673 792 1735; x_wconf 89' lang='lat' dir='ltr'>discrimina:</span> <span class='ocrx_word' id='word_1_92' title='bbox 814 1670 949 1752; x_wconf 79' lang='lat' dir='ltr'>pulcrior</span> <span class='ocrx_word' id='word_1_93' title='bbox 962 1670 1014 1732; x_wconf 90' lang='lat' dir='ltr'>ille</span> 
     </span>
     <span class='ocr_line' id='line_1_14' title="bbox 199 1767 1012 1853; baseline -0.007 -19"><span class='ocrx_word' id='word_1_94' title='bbox 199 1773 278 1846; x_wconf 90' lang='lat' dir='ltr'>Hoc,</span> <span class='ocrx_word' id='word_1_95' title='bbox 293 1782 385 1853; x_wconf 90' lang='lat' dir='ltr'>atque</span> <span class='ocrx_word' id='word_1_96' title='bbox 399 1773 450 1832; x_wconf 91' lang='lat' dir='ltr'>ille</span> <span class='ocrx_word' id='word_1_97' title='bbox 465 1772 542 1846; x_wconf 88' lang='lat' dir='ltr'>alio;</span> <span class='ocrx_word' id='word_1_98' title='bbox 562 1771 695 1830; x_wconf 87' lang='lat' dir='ltr'>multum</span> <span class='ocrx_word' id='word_1_99' title='bbox 708 1769 760 1830; x_wconf 91' lang='lat' dir='ltr'>hic</span> <span class='ocrx_word' id='word_1_100' title='bbox 773 1767 928 1829; x_wconf 84' lang='lat' dir='ltr'>robustior</span> <span class='ocrx_word' id='word_1_101' title='bbox 941 1767 1012 1828; x_wconf 93' lang='lat' dir='ltr'>illo:</span> 
     </span>
     <span class='ocr_line' id='line_1_15' title="bbox 199 1864 1018 1942; baseline -0.007 -12"><span class='ocrx_word' id='word_1_102' title='bbox 199 1869 274 1932; x_wconf 91' lang='lat' dir='ltr'>Una</span> <span class='ocrx_word' id='word_1_103' title='bbox 288 1889 395 1929; x_wconf 90' lang='lat' dir='ltr'>senum</span> <span class='ocrx_word' id='word_1_104' title='bbox 409 1867 509 1942; x_wconf 88' lang='lat' dir='ltr'>facies,</span> <span class='ocrx_word' id='word_1_105' title='bbox 525 1888 596 1928; x_wconf 89' lang='lat' dir='ltr'>oum</span> <span class='ocrx_word' id='word_1_106' title='bbox 610 1887 686 1927; x_wconf 87' lang='lat' dir='ltr'>voce</span> <span class='ocrx_word' id='word_1_107' title='bbox 700 1865 866 1927; x_wconf 89' lang='lat' dir='ltr'>trementia</span> <span class='ocrx_word' id='word_1_108' title='bbox 880 1864 1018 1925; x_wconf 87' lang='lat' dir='ltr'>membra</span> 
     </span>
    </p>

    <p class='ocr_par' dir='ltr' id='par_1_7' title="bbox 199 1961 934 2144">
     <span class='ocr_line' id='line_1_16' title="bbox 199 1961 934 2046; baseline -0.005 -20"><span class='ocrx_word' id='word_1_109' title='bbox 199 1966 242 2026; x_wconf 85' lang='lat' dir='ltr'>Et</span> <span class='ocrx_word' id='word_1_110' title='bbox 252 1966 319 2046; x_wconf 89' lang='lat' dir='ltr'>jam</span> <span class='ocrx_word' id='word_1_111' title='bbox 332 1966 400 2026; x_wconf 89' lang='lat' dir='ltr'>leve</span> <span class='ocrx_word' id='word_1_112' title='bbox 414 1974 508 2044; x_wconf 89' lang='lat' dir='ltr'>caput</span> <span class='ocrx_word' id='word_1_113' title='bbox 521 1963 699 2044; x_wconf 87' lang='lat' dir='ltr'>madidique</span> <span class='ocrx_word' id='word_1_114' title='bbox 713 1962 844 2023; x_wconf 89' lang='lat' dir='ltr'>infantia</span> <span class='ocrx_word' id='word_1_115' title='bbox 858 1961 934 2022; x_wconf 87' lang='lat' dir='ltr'>nasi.</span> 
     </span>
     <span class='ocr_line' id='line_1_17' title="bbox 199 2059 904 2144; baseline -0.001 -23"><span class='ocrx_word' id='word_1_116' title='bbox 199 2061 403 2144; x_wconf 87' lang='lat' dir='ltr'>Frangendus</span> <span class='ocrx_word' id='word_1_117' title='bbox 416 2061 528 2122; x_wconf 87' lang='lat' dir='ltr'>misero</span> <span class='ocrx_word' id='word_1_118' title='bbox 541 2060 670 2141; x_wconf 85' lang='lat' dir='ltr'>gingiva</span> <span class='ocrx_word' id='word_1_119' title='bbox 683 2060 771 2140; x_wconf 91' lang='lat' dir='ltr'>panis</span> <span class='ocrx_word' id='word_1_120' title='bbox 785 2059 904 2120; x_wconf 89' lang='lat' dir='ltr'>inermi.</span> 
     </span>
    </p>

    <p class='ocr_par' dir='ltr' id='par_1_8' title="bbox 199 2157 919 2239">
     <span class='ocr_line' id='line_1_18' title="bbox 199 2157 919 2239; baseline -0.006 -17"><span class='ocrx_word' id='word_1_121' title='bbox 199 2159 309 2239; x_wconf 88' lang='lat' dir='ltr'>Usque</span> <span class='ocrx_word' id='word_1_122' title='bbox 324 2159 402 2219; x_wconf 90' lang='lat' dir='ltr'>adeo</span> <span class='ocrx_word' id='word_1_123' title='bbox 415 2158 518 2238; x_wconf 86' lang='lat' dir='ltr'>gravis</span> <span class='ocrx_word' id='word_1_124' title='bbox 532 2157 621 2217; x_wconf 88' lang='lat' dir='ltr'>uxori</span> <span class='ocrx_word' id='word_1_125' title='bbox 636 2157 777 2236; x_wconf 86' lang='lat' dir='ltr'>natisque</span> <span class='ocrx_word' id='word_1_126' title='bbox 792 2157 919 2238; x_wconf 86' lang='lat' dir='ltr'>sibique,</span> 
     </span>
    </p>

    <p class='ocr_par' dir='ltr' id='par_1_9' title="bbox 199 2254 808 2337">
     <span class='ocr_line' id='line_1_19' title="bbox 199 2254 808 2337; baseline -0.005 -20"><span class='ocrx_word' id='word_1_127' title='bbox 199 2255 248 2318; x_wconf 92' lang='lat' dir='ltr'>Ut</span> <span class='ocrx_word' id='word_1_128' title='bbox 263 2255 412 2337; x_wconf 84' lang='lat' dir='ltr'>captatori</span> <span class='ocrx_word' id='word_1_129' title='bbox 427 2265 551 2316; x_wconf 90' lang='lat' dir='ltr'>moveat</span> <span class='ocrx_word' id='word_1_130' title='bbox 564 2254 688 2315; x_wconf 86' lang='lat' dir='ltr'>fastidia</span> <span class='ocrx_word' id='word_1_131' title='bbox 703 2255 808 2316; x_wconf 78' lang='lat' dir='ltr'>(losso.</span> 
     </span>
    </p>

    <p class='ocr_par' dir='ltr' id='par_1_10' title="bbox 199 2351 990 2626">
     <span class='ocr_line' id='line_1_20' title="bbox 199 2351 934 2431; baseline 0.003 -19"><span class='ocrx_word' id='word_1_132' title='bbox 199 2352 274 2413; x_wconf 90' lang='lat' dir='ltr'>Non</span> <span class='ocrx_word' id='word_1_133' title='bbox 288 2353 397 2414; x_wconf 88' lang='lat' dir='ltr'>eadem</span> <span class='ocrx_word' id='word_1_134' title='bbox 410 2352 475 2412; x_wconf 86' lang='lat' dir='ltr'>vini</span> <span class='ocrx_word' id='word_1_135' title='bbox 490 2361 583 2430; x_wconf 88' lang='lat' dir='ltr'>atque</span> <span class='ocrx_word' id='word_1_136' title='bbox 597 2351 658 2411; x_wconf 90' lang='lat' dir='ltr'>cibi</span> <span class='ocrx_word' id='word_1_137' title='bbox 671 2359 814 2431; x_wconf 86' lang='lat' dir='ltr'>torpente</span> <span class='ocrx_word' id='word_1_138' title='bbox 829 2353 934 2431; x_wconf 90' lang='lat' dir='ltr'>palato</span> 
     </span>
     <span class='ocr_line' id='line_1_21' title="bbox 199 2435 990 2528; baseline 0.001 -19"><span class='ocrx_word' id='word_1_139' title='bbox 199 2449 339 2510; x_wconf 84' lang='lat' dir='ltr'>Gaudia:</span> <span class='ocrx_word' id='word_1_140' title='bbox 360 2469 432 2509; x_wconf 89' lang='lat' dir='ltr'>nam</span> <span class='ocrx_word' id='word_1_141' title='bbox 447 2449 546 2509; x_wconf 90' lang='lat' dir='ltr'>coitus</span> <span class='ocrx_word' id='word_1_142' title='bbox 554 2448 620 2528; x_wconf 86' lang='lat' dir='ltr'>jam</span> <span class='ocrx_word' id='word_1_143' title='bbox 634 2435 730 2528; x_wconf 84' lang='lat' dir='ltr'>longa</span> <span class='ocrx_word' id='word_1_144' title='bbox 744 2448 877 2524; x_wconf 93' lang='lat' dir='ltr'>oblivio;</span> <span class='ocrx_word' id='word_1_145' title='bbox 898 2449 949 2510; x_wconf 91' lang='lat' dir='ltr'>vel</span> <span class='ocrx_word' id='word_1_146' title='bbox 964 2448 990 2510; x_wconf 89' lang='lat' dir='ltr'>si</span> 
     </span>
     <span class='ocr_line' id='line_1_22' title="bbox 200 2545 925 2626; baseline -0.001 -19"><span class='ocrx_word' id='word_1_147' title='bbox 200 2547 337 2622; x_wconf 83' lang='lat' dir='ltr'>Ooneris,</span> <span class='ocrx_word' id='word_1_148' title='bbox 347 2546 432 2626; x_wconf 85' lang='lat' dir='ltr'>jacet</span> <span class='ocrx_word' id='word_1_149' title='bbox 447 2546 576 2625; x_wconf 85' lang='lat' dir='ltr'>exiguus</span> <span class='ocrx_word' id='word_1_150' title='bbox 591 2564 661 2606; x_wconf 90' lang='lat' dir='ltr'>oum</span> <span class='ocrx_word' id='word_1_151' title='bbox 675 2545 789 2606; x_wconf 87' lang='lat' dir='ltr'>ramice</span> <span class='ocrx_word' id='word_1_152' title='bbox 804 2565 925 2621; x_wconf 87' lang='lat' dir='ltr'>nervus,</span> 
     </span>
    </p>

    <p class='ocr_par' dir='ltr' id='par_1_11' title="bbox 200 2643 883 2724">
     <span class='ocr_line' id='line_1_23' title="bbox 200 2643 883 2724; baseline 0.003 -23"><span class='ocrx_word' id='word_1_153' title='bbox 200 2643 242 2703; x_wconf 87' lang='lat' dir='ltr'>Et</span> <span class='ocrx_word' id='word_1_154' title='bbox 257 2643 396 2724; x_wconf 87' lang='lat' dir='ltr'>quamvis</span> <span class='ocrx_word' id='word_1_155' title='bbox 411 2651 479 2703; x_wconf 88' lang='lat' dir='ltr'>tota</span> <span class='ocrx_word' id='word_1_156' title='bbox 492 2643 635 2722; x_wconf 87' lang='lat' dir='ltr'>palpetur</span> <span class='ocrx_word' id='word_1_157' title='bbox 649 2651 740 2702; x_wconf 88' lang='lat' dir='ltr'>nocte</span> <span class='ocrx_word' id='word_1_158' title='bbox 756 2643 883 2722; x_wconf 89' lang='lat' dir='ltr'>jacebit.</span> 
     </span>
    </p>

    <p class='ocr_par' dir='ltr' id='par_1_12' title="bbox 199 2737 1206 3198">
     <span class='ocr_line' id='line_1_24' title="bbox 199 2737 1015 2820; baseline 0.001 -22"><span class='ocrx_word' id='word_1_159' title='bbox 199 2740 292 2799; x_wconf 92' lang='lat' dir='ltr'>Anne</span> <span class='ocrx_word' id='word_1_160' title='bbox 307 2739 423 2818; x_wconf 89' lang='lat' dir='ltr'>aliquid</span> <span class='ocrx_word' id='word_1_161' title='bbox 437 2758 558 2818; x_wconf 87' lang='lat' dir='ltr'>sperare</span> <span class='ocrx_word' id='word_1_162' title='bbox 572 2748 676 2818; x_wconf 89' lang='lat' dir='ltr'>potest</span> <span class='ocrx_word' id='word_1_163' title='bbox 690 2741 767 2799; x_wconf 89' lang='lat' dir='ltr'>haec</span> <span class='ocrx_word' id='word_1_164' title='bbox 782 2737 917 2820; x_wconf 85' lang='lat' dir='ltr'>inguinis</span> <span class='ocrx_word' id='word_1_165' title='bbox 932 2737 1015 2818; x_wconf 84' lang='lat' dir='ltr'>aegri</span> 
     </span>
     <span class='ocr_line' id='line_1_25' title="bbox 201 2834 1016 2916; baseline -0.005 -18"><span class='ocrx_word' id='word_1_166' title='bbox 201 2835 360 2898; x_wconf 80' lang='lat' dir='ltr'>Canities?</span> <span class='ocrx_word' id='word_1_167' title='bbox 382 2834 464 2914; x_wconf 87' lang='lat' dir='ltr'>quid,</span> <span class='ocrx_word' id='word_1_168' title='bbox 479 2835 562 2914; x_wconf 88' lang='lat' dir='ltr'>quod</span> <span class='ocrx_word' id='word_1_169' title='bbox 577 2835 688 2896; x_wconf 88' lang='lat' dir='ltr'>merito</span> <span class='ocrx_word' id='word_1_170' title='bbox 703 2846 846 2916; x_wconf 88' lang='lat' dir='ltr'>suspecta</span> <span class='ocrx_word' id='word_1_171' title='bbox 859 2835 955 2896; x_wconf 91' lang='lat' dir='ltr'>libido</span> <span class='ocrx_word' id='word_1_172' title='bbox 970 2842 1016 2895; x_wconf 90' lang='lat' dir='ltr'>est</span> 
     </span>
     <span class='ocr_line' id='line_1_26' title="bbox 200 2928 1083 3011; baseline -0.001 -21"><span class='ocrx_word' id='word_1_173' title='bbox 200 2931 289 3004; x_wconf 79' lang='lat' dir='ltr'>Quae</span> <span class='ocrx_word' id='word_1_174' title='bbox 303 2929 461 2991; x_wconf 87' lang='lat' dir='ltr'>Venerem</span> <span class='ocrx_word' id='word_1_175' title='bbox 474 2930 598 2992; x_wconf 88' lang='lat' dir='ltr'>affectat</span> <span class='ocrx_word' id='word_1_176' title='bbox 613 2932 678 2992; x_wconf 90' lang='lat' dir='ltr'>sine</span> <span class='ocrx_word' id='word_1_177' title='bbox 692 2933 818 2992; x_wconf 88' lang='lat' dir='ltr'>viribus.</span> <span class='ocrx_word' id='word_1_178' title='bbox 858 2930 972 3011; x_wconf 87' lang='lat' dir='ltr'>Aspice</span> <span class='ocrx_word' id='word_1_179' title='bbox 986 2928 1083 3010; x_wconf 87' lang='lat' dir='ltr'>partis</span> 
     </span>
     <span class='ocr_line' id='line_1_27' title="bbox 199 3026 1206 3109; baseline 0.001 -23"><span class='ocrx_word' id='word_1_180' title='bbox 199 3027 294 3087; x_wconf 89' lang='lat' dir='ltr'>Nunc</span> <span class='ocrx_word' id='word_1_181' title='bbox 309 3026 455 3087; x_wconf 89' lang='lat' dir='ltr'>damnum</span> <span class='ocrx_word' id='word_1_182' title='bbox 470 3027 612 3088; x_wconf 88' lang='lat' dir='ltr'>alterius:</span> <span class='ocrx_word' id='word_1_183' title='bbox 633 3049 705 3089; x_wconf 91' lang='lat' dir='ltr'>nam</span> <span class='ocrx_word' id='word_1_184' title='bbox 721 3047 798 3109; x_wconf 88' lang='lat' dir='ltr'>quae</span> <span class='ocrx_word' id='word_1_185' title='bbox 813 3036 959 3088; x_wconf 87' lang='lat' dir='ltr'>cantante</span> <span class='ocrx_word' id='word_1_186' title='bbox 973 3028 1127 3106; x_wconf 87' lang='lat' dir='ltr'>voluptas,</span> <span class='ocrx_word' id='word_1_187' title='bbox 1155 3039 1206 3087; x_wconf 85' lang='lat'>210</span> 
     </span>
     <span class='ocr_line' id='line_1_28' title="bbox 201 3123 955 3198; baseline -0.001 -13"><span class='ocrx_word' id='word_1_188' title='bbox 201 3124 249 3185; x_wconf 88' lang='lat' dir='ltr'>Sit</span> <span class='ocrx_word' id='word_1_189' title='bbox 262 3123 335 3184; x_wconf 89' lang='lat' dir='ltr'>licet</span> <span class='ocrx_word' id='word_1_190' title='bbox 350 3123 479 3185; x_wconf 87' lang='lat' dir='ltr'>eximius</span> <span class='ocrx_word' id='word_1_191' title='bbox 494 3125 690 3185; x_wconf 84' lang='lat' dir='ltr'>citharoedus</span> <span class='ocrx_word' id='word_1_192' title='bbox 705 3125 784 3186; x_wconf 85' lang='lat' dir='ltr'>sitve</span> <span class='ocrx_word' id='word_1_193' title='bbox 800 3125 955 3198; x_wconf 86' lang='lat' dir='ltr'>Seleucus,</span> 
     </span>
    </p>

    <p class='ocr_par' dir='ltr' id='par_1_13' title="bbox 200 3220 922 3302">
     <span class='ocr_line' id='line_1_29' title="bbox 200 3220 922 3302; baseline 0.001 -23"><span class='ocrx_word' id='word_1_194' title='bbox 200 3220 243 3280; x_wconf 87' lang='lat' dir='ltr'>Et</span> <span class='ocrx_word' id='word_1_195' title='bbox 257 3221 367 3300; x_wconf 92' lang='lat' dir='ltr'>quibus</span> <span class='ocrx_word' id='word_1_196' title='bbox 382 3232 489 3284; x_wconf 87' lang='lat' dir='ltr'>aurata</span> <span class='ocrx_word' id='word_1_197' title='bbox 503 3242 570 3282; x_wconf 89' lang='lat' dir='ltr'>mos</span> <span class='ocrx_word' id='word_1_198' title='bbox 585 3231 632 3283; x_wconf 91' lang='lat' dir='ltr'>est</span> <span class='ocrx_word' id='word_1_199' title='bbox 646 3223 763 3302; x_wconf 87' lang='lat' dir='ltr'>fulgere</span> <span class='ocrx_word' id='word_1_200' title='bbox 777 3221 922 3283; x_wconf 82' lang='lat' dir='ltr'>lacerna?</span> 
     </span>
    </p>

    <p class='ocr_par' dir='ltr' id='par_1_14' title="bbox 200 3313 941 3399">
     <span class='ocr_line' id='line_1_30' title="bbox 200 3313 941 3399; baseline 0.003 -25"><span class='ocrx_word' id='word_1_201' title='bbox 200 3313 284 3388; x_wconf 79' lang='lat' dir='ltr'>Quid</span> <span class='ocrx_word' id='word_1_202' title='bbox 297 3315 392 3376; x_wconf 86' lang='lat' dir='ltr'>refert</span> <span class='ocrx_word' id='word_1_203' title='bbox 405 3317 510 3398; x_wconf 85' lang='lat' dir='ltr'>magni</span> <span class='ocrx_word' id='word_1_204' title='bbox 525 3317 631 3377; x_wconf 86' lang='lat' dir='ltr'>sedeat</span> <span class='ocrx_word' id='word_1_205' title='bbox 645 3336 706 3396; x_wconf 89' lang='lat' dir='ltr'>qua</span> <span class='ocrx_word' id='word_1_206' title='bbox 719 3325 806 3399; x_wconf 87' lang='lat' dir='ltr'>parte</span> <span class='ocrx_word' id='word_1_207' title='bbox 820 3315 941 3390; x_wconf 82' lang='lat' dir='ltr'>theatri,</span> 
     </span>
    </p>

    <p class='ocr_par' dir='ltr' id='par_1_15' title="bbox 198 3411 1207 3686">
     <span class='ocr_line' id='line_1_31' title="bbox 200 3411 937 3493; baseline 0.001 -23"><span class='ocrx_word' id='word_1_208' title='bbox 200 3411 263 3485; x_wconf 83' lang='lat' dir='ltr'>Qui</span> <span class='ocrx_word' id='word_1_209' title='bbox 276 3411 329 3472; x_wconf 73' lang='lat' dir='ltr'>vix</span> <span class='ocrx_word' id='word_1_210' title='bbox 343 3413 514 3474; x_wconf 89' lang='lat' dir='ltr'>cornicines</span> <span class='ocrx_word' id='word_1_211' title='bbox 529 3413 673 3472; x_wconf 87' lang='lat' dir='ltr'>exaudiet</span> <span class='ocrx_word' id='word_1_212' title='bbox 688 3421 780 3493; x_wconf 91' lang='lat' dir='ltr'>atque</span> <span class='ocrx_word' id='word_1_213' title='bbox 794 3414 937 3473; x_wconf 87' lang='lat' dir='ltr'>tubarum</span> 
     </span>
     <span class='ocr_line' id='line_1_32' title="bbox 199 3506 1207 3588; baseline 0.001 -18"><span class='ocrx_word' id='word_1_214' title='bbox 199 3509 399 3572; x_wconf 82' lang='lat' dir='ltr'>Concentus?</span> <span class='ocrx_word' id='word_1_215' title='bbox 419 3512 551 3570; x_wconf 88' lang='lat' dir='ltr'>clamore</span> <span class='ocrx_word' id='word_1_216' title='bbox 566 3528 642 3588; x_wconf 92' lang='lat' dir='ltr'>opus</span> <span class='ocrx_word' id='word_1_217' title='bbox 657 3518 704 3570; x_wconf 89' lang='lat' dir='ltr'>est</span> <span class='ocrx_word' id='word_1_218' title='bbox 718 3519 753 3570; x_wconf 91' lang='lat' dir='ltr'>ut</span> <span class='ocrx_word' id='word_1_219' title='bbox 767 3511 880 3570; x_wconf 88' lang='lat' dir='ltr'>sentiat</span> <span class='ocrx_word' id='word_1_220' title='bbox 895 3506 975 3568; x_wconf 89' lang='lat' dir='ltr'>auris</span> <span class='ocrx_word' id='word_1_221' title='bbox 1156 3523 1207 3572; x_wconf 76' lang='lat'>215</span> 
     </span>
     <span class='ocr_line' id='line_1_33' title="bbox 198 3606 977 3686; baseline -0.003 -20"><span class='ocrx_word' id='word_1_222' title='bbox 198 3606 301 3679; x_wconf 81' lang='lat' dir='ltr'>Quem</span> <span class='ocrx_word' id='word_1_223' title='bbox 316 3607 399 3668; x_wconf 89' lang='lat' dir='ltr'>dicat</span> <span class='ocrx_word' id='word_1_224' title='bbox 413 3606 534 3667; x_wconf 90' lang='lat' dir='ltr'>venisse</span> <span class='ocrx_word' id='word_1_225' title='bbox 548 3624 634 3686; x_wconf 89' lang='lat' dir='ltr'>puer,</span> <span class='ocrx_word' id='word_1_226' title='bbox 649 3615 725 3686; x_wconf 92' lang='lat' dir='ltr'>quot</span> <span class='ocrx_word' id='word_1_227' title='bbox 738 3606 865 3668; x_wconf 90' lang='lat' dir='ltr'>nunciet</span> <span class='ocrx_word' id='word_1_228' title='bbox 878 3607 977 3666; x_wconf 88' lang='lat' dir='ltr'>horas.</span> 
     </span>
    </p>
   </div>
   <div class='ocr_carea' id='block_1_7' title="bbox 0 0 1321 4168">
    <p class='ocr_par' dir='ltr' id='par_1_16' title="bbox 0 0 1321 4168">
     <span class='ocr_line' id='line_1_34' title="bbox 0 0 1321 4168; baseline 0 0"><span class='ocrx_word' id='word_1_229' title='bbox 0 0 1321 4168; x_wconf 95' lang='lat' dir='ltr'> </span> 
     </span>
    </p>
   </div>
  </div>
 </body>
</html>
