2646 4170
529 426 667 474 SATIRA
689 427 768 475 XIV.

168 589 317 671 Pauperis
332 611 397 652 esse
412 602 522 672 putat;
538 593 670 672 juvenes
684 594 825 654 hortatur
839 603 874 654 ut
887 594 973 654 illam
1075 631 1078 634 -

167 686 218 747 Ire
233 687 315 749 viam
327 699 459 769 pergant
474 699 506 749 et
520 691 622 750 eidem
635 690 812 751 incumbere
826 701 938 752 aeetae.

130 829 132 834 -
168 784 249 846 Sunt
263 786 414 865 quaedam
428 787 575 846 vitiorum
590 786 759 863 elementa3
780 787 827 847 his
841 789 982 872 protinus
996 790 1065 851 illos

76 945 80 950 ,
166 879 284 942 Imbuit
298 891 330 942 et
344 882 428 962 cogit
441 883 584 943 minimas
598 884 733 943 ediscere
748 884 870 960 sordes3

165 977 243 1037 Mox
258 978 435 1058 acquirendi
449 979 540 1040 docet
554 979 731 1040 insatiabile
742 990 859 1041 votum.
1124 1000 1170 1045 125

167 1074 334 1135 Servorum
349 1084 473 1135 ventres
486 1077 592 1136 modio
607 1077 739 1156 castigat
752 1076 857 1156 iniquo

165 1169 236 1248 Ipse
250 1191 372 1250 quoque
388 1172 522 1232 esuriens
532 1187 548 1247 ;'
560 1192 659 1252 neque
674 1173 757 1232 enim
772 1175 875 1234 omnia
888 1175 1020 1237 sustinet
1036 1197 1169 1257 unquam

164 1266 293 1327 Mucida
307 1268 438 1328 caerulei
452 1269 540 1348 panis
554 1289 733 1330 consumere
748 1270 854 1345 frusta,
1192 1277 1195 1280 ’
1209 1277 1213 1286 ’

166 1363 355 1424 Hesternum
369 1365 478 1426 solitus
493 1365 595 1426 medio
610 1386 731 1427 servare
746 1367 878 1428 minutal

166 1461 349 1541 Septembri,
363 1482 420 1522 nee
434 1483 497 1523 non
512 1463 633 1523 differre
647 1463 679 1524 in
693 1473 833 1545 tempora
848 1485 961 1527 coenae
1123 1483 1169 1529 130

163 1549 302 1620 Alterius
314 1560 461 1620 conchem
476 1561 625 1621 aestivam
639 1582 709 1622 cum
723 1573 811 1642 parte
825 1563 931 1624 lacerti

165 1656 326 1736 Signatam
340 1657 391 1716 vel
405 1657 533 1718 dimidio
548 1658 691 1738 putrique
705 1659 808 1735 silure,

164 1753 293 1834 Filaque
307 1755 415 1815 sectivi
430 1766 591 1815 numerata
604 1755 762 1817 includere
776 1758 867 1837 poni.

163 1850 319 1914 Invitatus
334 1853 465 1913 adhaec
480 1851 589 1932 aliquis
604 1853 643 1914 de
658 1863 753 1933 ponte
767 1855 902 1936 negabit.

145 1949 228 2011 vSed
241 1936 302 2031 quo
317 1950 441 2012 divitias
452 1953 532 2032 ¹haee
545 1972 601 2032 per
614 1961 770 2013 tormenta
784 1963 914 2028 coactas,
1122 1968 1169 2015 135

163 2047 269 2121 Quum
282 2048 367 2109 furor
380 2049 464 2108 haud
478 2050 598 2124 dubius,
613 2070 707 2129 quum
722 2049 762 2111 sit
775 2049 938 2112 manifesta
951 2051 1117 2132 phrenesis,

162 2145 211 2207 Ut
225 2147 361 2227 locuples
376 2147 513 2207 moriaris
529 2147 648 2226 egentis
665 2148 768 2206 vivere
782 2133 870 2207 fato?
966 2207 967 2210 ,

109 2264 112 2270 ·
162 2242 286 2304 Interea
299 2245 391 2324 pleno
406 2264 502 2324 quum
516 2254 621 2324 turget
636 2244 774 2305 sacculus
789 2264 850 2318 ore,

163 2340 282 2402 Crescit
296 2361 382 2401 amor
395 2341 515 2401 nummi
529 2353 680 2421 quantum
693 2341 760 2420 ipsa
773 2340 903 2420 peeunia
918 2341 1032 2417 crevit3

162 2436 206 2496 Et
220 2439 320 2498 minus
334 2439 414 2499 hane
428 2448 516 2519 optat
531 2439 583 2518 qui
597 2459 659 2499 non
674 2440 775 2499 habet.
816 2437 901 2518 Ergo
915 2448 1041 2517 paratur
1120 2454 1167 2500 140

162 2533 273 2594 Altera
286 2535 360 2595 villa
373 2535 431 2595 tibi
446 2556 542 2615 quum
555 2555 607 2596 rus
622 2556 683 2596 non
699 2535 809 2596 suffieit
823 2554 928 2610 unum,
1138 2529 1141 2535 ’

162 2629 205 2691 Et
219 2632 353 2711 proferre
368 2633 444 2693 libet
457 2633 542 2706 fines,
558 2634 715 2713 majorque
730 2632 854 2692 videtur

162 2727 206 2788 Et
219 2728 327 2788 melior
342 2729 444 2789 vicina
458 2749 562 2809 seges:
583 2729 726 2789 mercaris
742 2738 774 2789 et
787 2730 868 2789 hane
882 2737 914 2791 et

162 2824 300 2885 Arbusta
315 2835 346 2886 et
362 2825 458 2886 densa
472 2835 610 2886 montem
624 2826 677 2906 qui
692 2837 782 2886 canet
797 2827 887 2888 oliva.

163 2919 304 2993 Quorum
318 2922 343 2982 si
357 2923 457 3001 pretio
471 2923 615 2983 dominus
628 2943 690 2983 non
705 2924 839 2986 vincitur
853 2925 925 3000 ullo,
991 2981 997 2990 ,
1121 2941 1167 2988 145
1263 2973 1268 2987 .

162 3015 265 3078 Nocte
279 3019 375 3078 boves
390 3019 484 3079 macri
498 3020 638 3098 lassoque
652 3019 792 3081 famelica
806 3022 885 3082 collo

160 3115 183 3176 J
185 3124 311 3175 umente
326 3116 364 3176 ad
380 3116 493 3176 virides
507 3117 598 3195 hujus
611 3115 779 3177 mittuntur
793 3119 917 3195 aristas3

161 3211 231 3272 Nee
245 3213 330 3291 prius
343 3211 415 3272 inde
430 3213 556 3272 domum
571 3232 663 3293 quarn
677 3223 745 3275 tota
758 3216 881 3284 novalia
894 3234 1001 3277 saevos

160 3308 199 3369 ln
214 3320 338 3370 ventres
352 3310 472 3383 abeant,
487 3319 523 3369 ut
537 3311 644 3370 eredas
659 3311 786 3372 falcibus
802 3322 915 3374 actum.
993 3327 994 3330 ’

160 3405 274 3467 Dicere
288 3406 341 3467 vix
356 3406 453 3486 possis
467 3427 560 3486 quam
573 3406 664 3466 multi
678 3408 751 3468 talia
765 3408 896 3488 plorent,
1044 3416 1048 3427 '
1120 3423 1166 3470 150

161 3499 205 3562 Et
219 3492 432 3581 quot'venales
446 3502 558 3582 injuria
571 3503 678 3563 fecerit
692 3523 790 3583 agros.
880 3566 889 3573 ,

162 3597 225 3658 Sed
241 3599 293 3678 qui
307 3599 479 3660 sermones!
500 3620 592 3679 quam
605 3600 714 3663 foedae
728 3601 858 3662 buccina
870 3601 986 3662 famae!
