2646 4170
525 410 661 459 SATIRA
682 414 764 460 XIII.

115 639 118 646 ,
154 579 280 640 Difficili
295 587 452 640 crescente
467 579 556 639 cibo:
577 580 632 639 sed
647 580 720 646 vina
733 581 869 642 misellus

154 677 306 757 Exspuit3
328 676 443 737 Albani
457 675 571 736 veteris
584 678 719 756 pretiosa
733 688 875 740 senectus

154 773 324 855 Displicet3
347 773 489 832 ostendas
505 773 622 848 meliuS,
637 774 818 835 densissima
831 795 909 856 ruga

156 871 287 952 Cogitur
301 870 334 930 in
348 871 483 930 frontem
497 872 584 930 velut
600 871 662 932 acri
676 872 770 932 ducta
783 872 924 934 Falerno.

154 968 256 1028 Nocte
271 969 397 1027 brevem
411 967 436 1026 si
450 967 529 1027 forte
543 968 672 1028 indulsit
687 989 759 1028 cura
774 989 916 1049 soporem

154 1069 197 1130 Et
211 1077 279 1129 toto
296 1077 418 1128 versata
432 1075 502 1126 toro
513 1066 580 1146 jam
596 1068 733 1126 membra
747 1069 917 1148 quiescunt,

154 1165 312 1229 Continuo
327 1163 476 1244 templum
493 1175 525 1224 et
539 1164 647 1224 violati
661 1165 877 1225 numinisaras

153 1263 205 1338 Et,
221 1262 304 1342 quod
318 1260 491 1341 praecipuis
507 1270 644 1320 mentem
659 1261 823 1322 sudoribus
838 1274 936 1343 urget,
1109 1279 1157 1325 220
1192 1317 1196 1324 .

154 1362 203 1422 Te¹
215 1359 302 1421 videt
315 1359 348 1419 in
365 1358 480 1418 somnis
488 1378 497 1434 ;
520 1368 575 1419 tua
589 1379 675 1420 sacra
689 1369 721 1420 et
736 1360 832 1440 major
845 1361 948 1443 imago
967 1441 969 1448 γ

153 1461 299 1522 Humana
314 1462 419 1523 turbat
436 1459 584 1542 pavidum
599 1461 743 1542 cogitque
757 1461 854 1522 fateri.

152 1561 197 1621 Hi
211 1572 283 1623 sunt
297 1560 350 1641 qui
365 1560 523 1640 trepidant
537 1570 570 1621 et
583 1560 623 1620 ad
638 1561 741 1620 omnia
754 1561 876 1641 fulgura
889 1561 1015 1641 pallent,

154 1659 258 1732 Quum
273 1667 370 1732 tonat,
386 1657 543 1718 exanimes
557 1658 656 1738 primo
672 1678 792 1738 quoque
807 1678 963 1718 murmure
978 1658 1075 1734 caeli3

152 1757 184 1816 N
186 1778 227 1818 on
242 1757 328 1837 quasi
342 1756 487 1817 fortuitus
503 1776 559 1816 nec
574 1766 739 1816 ventorum
753 1756 837 1816 rabIe
851 1756 906 1816 sed
1107 1771 1154 1818 225

152 1857 254 1916 Iratus
269 1855 360 1915 eadat
376 1854 409 1913 in
424 1863 521 1913 terras
537 1863 569 1913 et
584 1853 706 1932 judicet
721 1853 812 1933 ignis.

152 1952 211 2015 Illa
224 1954 301 2014 nihil
315 1954 430 2027 nocuit,
447 1974 520 2014 cura
533 1953 674 2034 graviore
689 1953 816 2014 timetur

151 2051 299 2112 Proxima
314 2061 490 2131 tempestae,
506 2051 592 2111 velut
606 2051 666 2110 hoc
680 2050 777 2111 dilata
798 2071 915 2112 sereno.

151 2149 319 2210 Praeterea
331 2148 435 2209 lateris
450 2147 537 2228 vigili
551 2169 623 2208 cum
637 2149 721 2208 febre
736 2149 874 2209 dolorem
969 2147 979 2164 “

153 2246 187 2307 Si
201 2266 328 2327 coepere
342 2247 417 2326 pati,
433 2245 560 2306 missum
575 2247 614 2306 ad
629 2266 684 2307 sua
700 2266 827 2326 corpora
841 2247 984 2332 morbum
1107 2261 1155 2309 230

151 2342 269 2403 Infesto
285 2343 415 2403 eredunt
432 2343 609 2419 anumine;
632 2363 706 2404 saxa
720 2344 848 2403 deorum

151 2439 239 2500 Haec
254 2451 285 2502 et
300 2442 363 2501 tela
377 2449 498 2521 putant.
540 2441 699 2502 Pecudem
715 2440 866 2520 spondere
881 2441 994 2502 sacello

150 2537 315 2598 Balantem
330 2548 362 2598 et
376 2538 505 2602 Laribus
522 2538 646 2599 cristam
660 2538 841 2618 promittere
856 2537 930 2617 galli

151 2632 226 2696 Non
241 2635 373 2711 audent3
394 2635 469 2715 quid
485 2635 704 2715 enimsperare
719 2635 901 2694 nocentibus
916 2633 1015 2714 aegris

152 2732 363 2793 Concessum?
384 2734 434 2792 vel
450 2752 527 2812 quae
542 2753 605 2792 non
621 2732 744 2812 dignior
757 2730 859 2791 hostia
872 2731 962 2791 vita?
1109 2748 1155 2796 235

150 2827 276 2889 Mobilis
290 2840 322 2891 et
337 2830 421 2891 varia
436 2839 484 2890 est
498 2830 594 2890 ferme
610 2841 722 2890 natura
735 2830 886 2888 malorum
900 2848 908 2889 ε

151 2923 256 2997 Quum
271 2929 369 2988 scelus
384 2928 554 2988 admittunt
570 2937 711 3006 superest
727 2925 917 3001 constantia;
939 2925 1013 3005 quid
1027 2926 1072 2986 fas

150 3024 257 3102 Atque
271 3025 356 3086 nefas
371 3026 497 3086 tandem
513 3024 664 3105 incipiunt
680 3023 794 3084 sentire
808 3023 941 3102 peractis

151 3121 346 3184 Criminibus.
387 3122 506 3183 Tamen
522 3122 561 3182 ad
576 3141 676 3181 mores
692 3131 801 3181 natura
817 3120 945 3182 recurrit

149 3216 331 3294 Damnatos
346 3220 409 3280 fixa
423 3229 455 3284 et
469 3218 583 3279 mutari
598 3217 718 3278 nescia:
741 3237 814 3278 nam
828 3217 897 3297 quis
1107 3232 1154 3276 240

149 3315 307 3378 Peccandi
320 3317 414 3378 finem
428 3316 531 3397 posuit
545 3314 628 3375 sibi?
649 3314 773 3394 quando
788 3313 905 3392 recepit

149 3412 294 3493 Ejectum
309 3415 404 3474 semel
417 3413 525 3474 attrita
538 3411 577 3471 de
591 3412 692 3472 fronte
705 3411 875 3471 ruborem?

150 3509 304 3583 Quisnam
317 3510 478 3572 hominum
492 3519 540 3570 est
554 3527 647 3589 quem
661 3520 697 3568 tu
711 3516 895 3569 contentum
909 3507 1024 3567 videris
1039 3525 1101 3566 uno
