2646 4170
520 396 658 445 serina
680 398 758 446 xrv.
1099 385 1140 453 87

137 560 325 643 Exspectare
340 563 433 624 colus.
472 562 613 624 Morieris
628 564 758 625 stamine
772 564 912 625 nondum

136 659 291 740 Abrupto.
317 659 352 719 *J
354 680 403 720 am
417 681 499 721 nunc
513 661 617 722 obstas
631 669 663 722 et
678 670 752 722 vota
765 662 902 736 moraris,
1093 678 1142 726 250

136 756 157 817 J
159 775 209 816 am
223 765 348 836 torquet
363 756 512 836 juvenem
526 757 620 836 longa
634 765 666 818 et
680 757 804 818 cervina
818 753 969 820 senectus.

138 853 232 913 Ocius
245 851 445 932 Archigenen
459 873 570 933 quaere
586 862 678 933 atque
693 873 760 913 eme
776 854 860 933 quod
874 853 1073 919 Mithridates

138 945 330 1025 Composuit,
346 947 371 1006 si
385 947 431 1007 vis
446 947 537 1007 aliam
552 948 716 1026 decerpere
730 947 824 1008 ficum

137 1044 243 1122 Atque
258 1042 332 1102 alias
346 1051 478 1103 tractare
492 1063 585 1103 rosas.
625 1042 823 1106 Medicamen
836 1046 1013 1108 habendum
1028 1057 1075 1110 est

140 1139 271 1200 Sorbere
285 1147 357 1212 aute
372 1139 475 1199 cibum
489 1140 572 1220 quod
588 1139 700 1202 debeat
715 1149 748 1202 et
761 1152 849 1222 pater
863 1153 895 1204 et
909 1163 971 1204 rex.
1095 1159 1144 1205 255
1216 1129 1218 1134 ,

50 1235 52 1238 ’
94 1308 98 1314 ,
178 1236 320 1296 Monstro
335 1233 528 1314 voluptatem
544 1236 701 1316 egregiam
716 1239 766 1298 cui
780 1241 864 1299 nulla
877 1240 1007 1316 theatra,
1108 1222 1111 1227 ’

139 1334 235 1395 Nulla
248 1351 380 1412 aequare
394 1353 488 1412 queas
503 1333 661 1394 Praetoris
674 1336 794 1416 pulpita
807 1337 892 1412 lauti,

141 1433 175 1493 Si
189 1438 309 1510 spectes
324 1438 440 1510 quanto
455 1430 564 1510 capitis
581 1432 755 1494 discrimine
770 1442 915 1495 constent

140 1529 337 1589 Incrementa
352 1527 471 1601 domus,
487 1539 591 1590 aerata
604 1531 719 1590 multus
732 1530 765 1593 in
780 1550 850 1591 arca
898 1568 901 1574 -

136 1627 249 1686 Fiscus
263 1633 295 1684 et
310 1623 349 1683 ad
364 1624 491 1704 vigilem
504 1627 640 1707 ponendi
655 1627 783 1688 Castora
797 1628 932 1703 nummi,¹
1099 1641 1169 1688 260·

141 1723 190 1783 Ex
206 1742 266 1803 quo
281 1721 365 1782 Mars
379 1721 477 1783 Ultor
489 1725 609 1804 galeam
624 1744 745 1804 quoque
758 1725 895 1804 perdidit
909 1732 942 1785 et
955 1744 1004 1786 res

141 1821 214 1881 Non
230 1819 333 1898 potuit
349 1839 469 1880 servare
484 1840 562 1882 suas.
602 1821 687 1901 Ergo
702 1821 805 1882 omnia
818 1820 930 1881 Florae

142 1919 185 1979 Et
201 1917 321 1978 Cereris
335 1917 408 1977 licet
423 1925 455 1978 et
470 1917 601 1996 Cybeles
616 1920 723 1978 aulaea
736 1918 889 1998 relinquas
897 1937 907 1993 ;

143 2015 246 2076 Tanto
260 2015 391 2095 majores
405 2015 540 2074 humana
553 2015 678 2094 negotia
691 2015 765 2076 ludi.

143 2116 196 2175 An
211 2113 309 2197 magis
324 2112 480 2173 oblectant
495 2111 630 2171 animum
646 2112 765 2192 jactata
779 2122 908 2198 petauro
1101 2122 1149 2170 att

126 2212 282 2291 »Corpora
297 2209 409 2289 quique
424 2207 502 2268 solet
516 2218 635 2269 rectum
650 2209 834 2270 descendere
849 2209 962 2282 sunem,

145 2309 247 2384 Quam
262 2317 296 2369 tu
313 2307 445 2388 Corycia
459 2325 579 2390 semper
593 2305 646 2386 qui
659 2325 762 2385 puppe
778 2305 904 2366 moraris

144 2406 250 2487 Atque
265 2406 394 2480 habitas,
410 2405 491 2466 Coro
507 2423 626 2483 semper
640 2403 795 2462 tollendus
811 2412 843 2462 et
857 2401 984 2476 Austro,

43 2505 48 2510 ’
145 2504 291 2564 Perditus
306 2523 342 2564 ac
356 2502 426 2564 vilis
441 2499 519 2561 sacci
535 2508 686 2560 mercator
700 2499 827 2572 olentis3

146 2601 209 2674 Qui
223 2601 340 2681 gaudes
353 2601 469 2681 pingue
484 2597 628 2677 antiquae
643 2596 682 2656 de
697 2597 786 2657 litore
802 2595 913 2656 Cretae
1103 2607 1152 2656 270

146 2699 277 2758 Passum
291 2706 324 2758 et
337 2697 507 2778 municipes
520 2696 542 2756 J
544 2693 610 2755 ovis
626 2693 785 2753 advexisse
800 2691 950 2771 lagenas?
993 2703 995 2708 ’

147 2795 209 2855 Hic
222 2806 326 2856 tamen
341 2794 467 2874 ancipiti
482 2793 581 2874 figens
596 2791 729 2871 vestigia
741 2790 849 2870 planta

146 2892 276 2953 Victum
290 2893 344 2952 illa
357 2891 497 2952 mercede
511 2901 600 2971 parat
614 2890 817 2967 brumamque
831 2887 1004 2965 famemque

147 2988 207 3049 Illa
219 2998 300 3050 reste
315 2988 422 3062 cavet}
443 2996 477 3047 tu
492 2997 619 3066 propter
632 2987 716 3046 mille
731 2985 851 3052 talenta

147 3085 191 3146 Et
206 3099 331 3146 centum
345 3084 433 3144 villas
447 3084 635 3144 temerarius.
677 3082 792 3163 Aspice
806 3087 915 3162 portus
1107 3089 1155 3137 275

148 3181 191 3242 Et
204 3183 330 3261 plenum
345 3179 465 3259 magnis
479 3179 618 3239 trabibus
632 3198 734 3254 mare;
755 3180 824 3258 plus
845 3174 1076 3237 bominumest
1090 3171 1157 3252 jam

52 3268 57 3283 ¹
149 3281 186 3338 in
202 3278 331 3358 pelag03
352 3276 456 3336 veniet
470 3274 573 3335 classis
588 3295 771 3354 quocunque
785 3274 904 3336 vocarit

40 3413 43 3418 ·
150 3373 227 3453 Spes
241 3373 326 3447 lucri,
340 3391 398 3432 nec
413 3371 614 3450 Carpathium
625 3371 818 3451 Gaetula-que
833 3380 956 3432 tantum

150 3470 297 3548 Aequora
309 3467 470 3541 transiliet,
485 3467 539 3527 sed
554 3468 647 3546 longe
662 3467 758 3546 Calpe
771 3466 880 3527 relicta

150 3565 270 3626 Audiet
283 3564 437 3626 Herculeo
451 3562 634 3623 stridentem
647 3563 771 3642 gurgite
785 3562 891 3624 solem.
1110 3571 1158 3618 aao
