2622 4168
544 387 680 436 sATnaA
700 389 767 438 vn.

526 1045 689 1108 SATIRA
715 1045 792 1109 VH.

157 1224 257 1368 ΕΤ
272 1244 341 1306 spes
356 1233 388 1286 et
401 1223 480 1286 ratio
495 1224 669 1286 studiorum
683 1224 715 1284 in
730 1224 861 1286 Caesare
876 1231 1017 1285 tantum:

258 1321 349 1384 Solus
364 1322 446 1382 enim
460 1322 564 1384 tristes
578 1322 636 1382 hac
650 1330 834 1401 tempestate
850 1320 1001 1382 Camenas

154 1419 314 1501 Respexit,
329 1438 424 1499 quum
438 1419 505 1499 jam
519 1418 654 1479 celebres
667 1419 794 1498 notique
808 1427 919 1497 poetae

154 1515 339 1576 Balneolum
354 1515 469 1588 Gabiis,
484 1513 603 1575 Rornae
618 1514 789 1575 conducere
803 1515 909 1576 furnos

154 1613 367 1693 Temptarent‚
381 1631 438 1673 nec
452 1612 578 1672 foedum
593 1612 645 1671 alii
658 1631 716 1671 nec
730 1621 819 1690 turpe
833 1622 981 1691 putarent

154 1707 328 1770 Praecones
341 1709 424 1782 fieri;
446 1729 540 1788 quum
556 1707 685 1768 desertis
698 1706 879 1788 Aganippes

154 1804 298 1865 Vallibus
312 1805 447 1866 esuriens
461 1805 610 1884 migraret
623 1803 654 1863 in
669 1805 748 1866 atria
761 1805 839 1866 clio.

99 1977 104 1986 ,
153 1902 238 1962 Nam
252 1902 278 1963 si
292 1902 396 1964 Pieria
409 1902 563 1982 quadrans
577 1900 634 1963 tibi
649 1902 751 1962 nullus
764 1903 796 1962 in
812 1904 920 1964 umbra

153 1999 354 2074 Ostendetur,
369 2019 452 2059 ames
466 2017 579 2059 nomen
594 1998 772 2080 victumque
786 1997 978 2079 Machaerae,

152 2098 197 2159 Et
211 2098 328 2159 vendas
341 2098 445 2178 potius
460 2098 622 2159 commissa
636 2097 719 2178 quod
735 2099 837 2159 auctio
851 2098 960 2162 vendit

154 2196 324 2270 stantibus,
340 2196 560 2276 oenophorum,
575 2195 721 2279 tripodes,
737 2189 874 2271 armaria,
889 2197 990 2274 cistas,

152 2292 322 2354 Alcithoen
336 2292 438 2367 Pacci,
453 2293 575 2354 Thebas
590 2304 623 2354 et
636 2293 736 2355 Terea
750 2293 866 2364 Fausti,

153 2391 223 2454 Hoc
237 2393 334 2455 satius
349 2413 441 2474 quam
455 2393 481 2453 si
495 2392 579 2454 dicas
593 2393 650 2453 sub
664 2393 771 2473 judice
785 2400 803 2430 ‘⁴
812 2392 915 2468 Vidi,”

153 2491 247 2566 Quod
261 2505 324 2554 u‘on
338 2492 461 2567 vidisti3
481 2493 597 2554 faciant
611 2493 730 2572 equites
744 2492 862 2567 Asiani,

153 2589 339 2670 Quanquam
355 2602 387 2653 et
403 2591 603 2672 Cappadoces
617 2591 731 2652 faciant
746 2591 925 2672 equitesque
939 2589 1084 2671 Bithyni,
1126 2603 1156 2652 15

152 2688 264 2748 Altera
277 2709 354 2768 quos
369 2690 454 2749 nudo
468 2689 604 2748 traducit
618 2689 719 2750 Gallia
733 2690 806 2750 talo.

152 2783 255 2846 Nemo
269 2794 373 2846 tamen
389 2786 498 2845 studiis
512 2785 675 2866 indignum
688 2786 767 2846 ferre
781 2785 917 2847 laborem

154 2881 291 2962 Cogetur
304 2883 441 2962 posthac,
456 2882 554 2942 nectit
569 2883 743 2962 quicunqne
758 2885 877 2946 canoris

152 2976 320 3058 Eloquium
335 2979 441 3040 vocale
457 2978 556 3040 modis
570 2979 752 3059 laurumque
768 2982 943 3043 momordit.

66 3084 69 3089 '
152 3071 223 3136 Hoc
237 3076 328 3155 agite,
343 3095 362 3135 0
374 3075 526 3154 juvenes:
548 3075 754 3155 circumspicit
768 3086 801 3137 et
815 3079 953 3139 stimulat
967 3098 1023 3138 vos
1124 3093 1155 3139 ao

151 3170 377 3253 Materiamque
392 3172 450 3232 sibi
464 3171 561 3232 Ducis
576 3172 771 3252 indulgentia
786 3176 914 3254 quaerit.
981 3165 985 3174 ’

153 3267 187 3329 si
201 3288 261 3349 qua
275 3269 399 3329 aliunde
414 3277 505 3348 putas
518 3288 621 3328 rerum
636 3270 845 3348 exspectanda
858 3280 982 3331 tuarum

152 3363 320 3440 P-raesidia,
336 3373 428 3444 atque
444 3364 514 3424 ideo
529 3383 654 3424 croceae
670 3365 847 3426 membrana
861 3367 994 3427 tabellae
1031 3447 1035 3454 Ι

152 3459 312 3540 Impletur,
321 3461 482 3542 ,lignorum
496 3460 611 3540 aliquid
624 3481 717 3540 posce
732 3461 825 3535 ocius,
840 3472 871 3523 et
886 3481 965 3542 quac

152 3558 320 3639 Componis
335 3557 417 3619 dona
430 3556 572 3631 Veneris,
586 3555 738 3645 Telesina,
752 3557 872 3633 marito,
1122 3574 1154 3622 au
