2622 4168
533 395 669 445 sATnaA
694 397 748 444 111.

514 1064 678 1128 SATIRA
703 1063 764 1129 ΙΙΙ.

223 1246 396 1312 UAMVIS
412 1246 551 1328 digressu
564 1243 680 1305 veteris
694 1243 837 1304 confusus
851 1242 950 1318 amici,

250 1346 359 1406 Laudo
371 1353 477 1405 tamen
491 1342 596 1404 vacuis
611 1340 694 1428 quod
710 1341 815 1401 sedem
829 1340 923 1420 figere
938 1339 1044 1404 Gumis

137 1443 283 1503 Destinet
298 1452 390 1521 atque
405 1461 500 1500 unum
515 1440 615 1500 civem
630 1437 745 1498 donare
761 1437 905 1516 Sibyllae.

136 1539 159 1600 J
160 1559 239 1599 anua
253 1538 399 1599 Baiarum
413 1552 460 1599 est
475 1547 507 1598 et
520 1548 644 1618 gratum
658 1535 732 1596 litus
747 1535 868 1595 amoeni

139 1636 291 1696 Secessus.
331 1635 400 1715 Ego
415 1637 465 1695 vel
479 1634 668 1714 Prochytam
681 1651 839 1712 praepono
854 1632 1014 1693 Saburrae.
1071 1662 1073 1665 v
1130 1647 1145 1692 t

139 1733 222 1792 Nam
235 1727 310 1812 qui'd
323 1742 389 1792 tam
402 1732 557 1805 miserum,
571 1739 636 1791 tam
650 1730 750 1791 solum
763 1728 906 1804 vidimus,
923 1738 958 1790 ut
972 1733 1035 1790 non

138 1829 283 1889 Deterius
297 1829 403 1889 credas
417 1829 540 1888 horrere
552 1827 707 1902 incendia,
721 1828 825 1908 lapsus

138 1925 306 1986 Tectorum
321 1925 459 1985 assiduos
474 1944 509 1985 ac
523 1924 606 1984 mille
620 1924 756 2004 pericula
770 1944 879 1986 saevae

139 2021 234 2084 Urbis
248 2031 280 2082 et
295 2020 439 2102 Augusto
453 2021 618 2082 recitantes
633 2041 737 2082 mense
752 2023 883 2102 poetas?

180 2118 242 2178 Sed
257 2119 332 2178 dum
344 2128 414 2179 tota
427 2118 537 2179 domus
550 2118 646 2178 rheda
660 2120 854 2200 componitur
867 2139 937 2195 uua,
1116 2132 1146 2178 10

140 2215 287 2276 Substitit
301 2215 340 2274 ad
354 2224 474 2275 veteres
489 2234 576 2274 arcus
590 2215 807 2296 madidamque
824 2218 989 2296 Capenam.

140 2311 209 2387 Hic,
223 2312 276 2372 ubi
290 2322 459 2372 nocturnae
473 2311 579 2372 Numa
593 2299 801 2374 constituebat
816 2315 941 2388 amicae,

139 2409 233 2468 Nunc
248 2408 327 2468 sacri
340 2408 433 2468 fontis
448 2429 557 2468 narnus
571 2418 603 2469 et
618 2410 746 2471 delubra
760 2413 901 2472 locantur

138 2506 161 2567 J
161 2506 275 2580 udacis‚
289 2526 421 2585 quorum
435 2506 583 2585 cophinus
597 2508 785 2589 foenumque
798 2508 945 2588 supellex.

140 2602 249 2664 Omnis
264 2603 345 2662 enim
359 2604 474 2682 populo
489 2606 663 2666 mercedem
677 2606 811 2686 pendere
827 2605 914 2685 jussa
928 2613 976 2664 est
1116 2617 1146 2665 15

139 2699 250 2773 Arbor,
265 2710 297 2760 et
311 2699 417 2780 ejectis
432 2701 587 2761 mendicat
602 2703 680 2763 silva
694 2702 850 2764 Camenis.

139 2795 178 2856 In
193 2797 305 2856 vallem
318 2796 471 2877 Aegeriae
487 2798 702 2858 descendimus
717 2807 749 2858 et
763 2798 924 2878 speluncas

140 2892 314 2953 Dissimiles
329 2893 417 2953 veris.
460 2894 587 2965 Quanto
601 2895 808 2975 praestantius
822 2893 904 2957 ess'et

139 2988 172 3048 N
173 3009 266 3075 pmcn
280 3009 385 3069 aquae,
399 2989 492 3051 viridi
507 2992 532 3052 si
546 2992 684 3070 margine
698 2991 855 3053 clauderet
869 2993 969 3054 undas

139 3081 246 3145 Herba
259 3105 317 3145 nec
330 3085 501 3168 ingenuum
514 3088 667 3147 violarent
680 3107 833 3165 marmora
846 3090 985 3168 tophum.
1114 3104 1145 3149 20

140 3182 201 3243 Hic
215 3191 290 3242 tunc
303 3181 491 3258 Umbricius,
507 3185 641 3256 Quando
656 3185 781 3260 artibus,
794 3185 904 3266 inquit,
919 3186 1055 3246 honestis

139 3279 253 3340 Nullus
267 3279 299 3340 in
314 3280 401 3343 Urbe
415 3282 509 3357 locus,
524 3282 609 3342 nulla
623 3283 831 3343 emolumenta
845 3283 992 3356 laborum,

139 3375 203 3437 Res
216 3376 309 3438 hodic
323 3379 424 3439 minor
437 3387 485 3438 est
498 3379 572 3438 here
586 3399 677 3458 quam
692 3380 758 3453 fuit,
773 3389 865 3459 atque
880 3380 989 3439 eadem
1003 3399 1069 3441 oras

138 3473 270 3536 Deteret
285 3475 404 3556 exiguis
418 3475 542 3555 aliquid,
556 3477 754 3556 proponimus
768 3476 842 3540 illue

139 3569 190 3631 Ire
203 3570 348 3652 fatigatas
362 3571 415 3632 ubi
428 3570 586 3632 Daedalus
600 3571 687 3632 exuit
701 3573 773 3647 alas,
1113 3585 1144 3630 aa
