2622 4168
566 383 706 437 ΒΑΤΙΒΑΙ
723 392 775 440 IV.

165 553 272 615 Verba
285 553 380 615 animi
392 554 527 635 proferre
542 564 574 617 et
588 556 685 618 vitam
699 556 878 638 impendere
891 580 974 626 vero.

165 652 217 715 Sic
230 652 344 711 multas
357 651 474 712 hiemes
488 663 581 732 atque
596 655 785 734 octogesima
798 657 879 719 vidit

165 749 314 822 Solstitia,
328 748 376 808 his
390 749 481 808 armis
495 750 549 809 illa
563 771 686 831 quoque
700 760 788 813 tutus
801 755 835 815 in
849 758 928 820 aula.

130 841 132 844 ¹
164 847 327 909 Proximus
342 845 482 924 ejusdem
495 849 680 928 properabat
693 849 814 912 Acilius
828 856 897 916 aevi

165 946 244 1008 Ourn
256 945 374 1023 juvene
388 945 517 1024 indigno
532 966 624 1025 quem
638 969 719 1010 mors
733 960 798 1012 tam
812 973 904 1015 saeva
917 964 1057 1018 maneret
1136 972 1167 1018 95

163 1044 206 1104 Et
219 1041 348 1103 Domini
361 1042 471 1122 gladiis
485 1052 550 1103 tam
563 1045 727 1109 festinata:
749 1050 803 1112 sed
817 1052 892 1112 olim

163 1142 313 1223 Prodigio
327 1163 382 1223 par
396 1152 443 1203 est
458 1162 528 1202 cum
543 1144 706 1206 nobilitate
721 1157 881 1210 senectus:

163 1239 258 1302 Unde
272 1241 317 1315 fit,
333 1250 367 1300 ut
382 1241 487 1300 malim
500 1241 683 1304 fraterculus
697 1265 762 1306 esse
778 1245 929 1326 (ligantis.

162 1339 284 1400 Profuit
298 1359 372 1418 ergo
385 1339 462 1399 nihil
475 1339 588 1401 misero
603 1342 688 1422 quod
701 1343 839 1404 cominus
853 1363 940 1404 rursus

162 1436 295 1518 Figebat
308 1437 462 1498 Numidas
475 1439 600 1499 Albana
614 1439 716 1500 nudus
730 1459 824 1500 arena

161 1536 311 1597 Venator.
353 1536 431 1609 Quis
445 1537 528 1598 enim
542 1537 609 1617 jam
623 1558 687 1600 non
701 1538 855 1618 intelligat
870 1547 951 1598 artes

162 1633 338 1696 Patriciae?
378 1634 457 1708 Quis
471 1635 606 1714 priscum
619 1635 697 1695 illud
711 1635 840 1695 miratur
854 1654 993 1709 acumen,

161 1730 268 1806 Brute,
282 1733 398 1792 tuum?
438 1732 542 1792 Facile
557 1741 604 1792 est
618 1733 747 1793 barbato
761 1732 918 1812 imponere
932 1731 1008 1812 regi.

161 1827 230 1888 Nec
243 1829 352 1889 melior
365 1830 455 1889 vultu
470 1829 611 1909 quamvis
625 1829 769 1909 ignobilis
782 1829 848 1890 ibat

160 1925 305 2000 Rubrius,
320 1925 453 1986 offensae
467 1926 581 1990 veteris
595 1945 665 1987 rens
680 1936 772 2006 atque
786 1926 947 1999 tacendae,
1118 1941 1166 1987 loc

160 2022 203 2084 Et
217 2032 322 2083 tamen
336 2023 504 2103 improbior
519 2024 646 2088 satiram
660 2024 813 2086 scribente
828 2023 968 2085 cinaedo.

159 2121 303 2182 Montani
318 2141 440 2201 quoque
454 2130 565 2182 venter
578 2121 675 2195 adest,
690 2121 854 2182 abdomine
867 2121 986 2195 tardus,
1039 2141 1042 2148 ·

160 2217 203 2278 Et
217 2219 372 2280 matutino
387 2219 501 2279 sudans
517 2219 677 2299 Crispinus
692 2237 814 2279 amomo

161 2317 321 2389 Quantum
335 2317 387 2378 vix
401 2317 544 2378 redolent
559 2318 622 2378 duo
635 2318 761 2392 funera3
783 2315 904 2378 saevior
915 2316 971 2377 illo

160 2413 328 2494 Pompeius
342 2415 429 2475 tenui
440 2414 567 2494 jugulos
582 2413 699 2493 aperire
714 2433 854 2488 susurr03
1117 2426 1165 2473 110

159 2511 202 2571 Et
216 2511 268 2592 qui
283 2512 457 2572 vulturibus
471 2511 614 2571 servabat
627 2511 746 2570 viscera
760 2509 855 2570 Dacis

159 2607 286 2682 Fuscus,
299 2627 470 2668 marmorea
484 2608 652 2668 meditatus
666 2607 782 2686 proelia
794 2606 889 2680 villa;

158 2704 202 2765 Et
217 2726 287 2766 cum
301 2706 459 2768 mortifero
473 2706 609 2785 prudens
623 2704 760 2765 Veiento
776 2703 910 2776 Catullo,

160 2802 222 2875 Qui
236 2822 394 2882 nunquam
407 2802 491 2863 visae
505 2801 656 2882 flagrabat
670 2819 773 2862 amore
787 2800 917 2879 puellae,

159 2899 283 2959 Grande
298 2910 331 2960 et
345 2900 545 2980 conspicuum
558 2907 665 2959 nostro
679 2917 800 2977 quoque
815 2906 955 2977 ternpore
968 2904 1150 2969 monstrum,

160 2995 277 3057 Caecus
291 2997 442 3075 adulator,
457 2997 602 3078 dirusque
617 3015 634 3055 a
648 3005 744 3075 ponte
758 2995 890 3068 satelles,
1118 3005 1165 3052 116

120 3093 122 3098 ’
158 3093 281 3173 Dignus
294 3095 438 3156 Aricinos
453 3096 506 3175 qui
519 3094 709 3154 mendicaret
724 3093 762 3152 ad
778 3109 859 3165 axes,

159 3190 340 3272 Blandaque
355 3195 492 3254 devexae
506 3193 641 3273 jactaret
654 3190 740 3251 basia
754 3189 877 3249 rhedae.

159 3289 262 3360 Nemo
277 3291 375 3372 magis
389 3275 553 3352 rhombum
569 3289 708 3368 stupuit:
729 3307 801 3347 nam
816 3282 949 3366 plurima
963 3282 1044 3343 dixit

158 3386 197 3447 In
212 3389 336 3449 laevum
351 3407 526 3461 conversus,
542 3387 633 3449 atilli
648 3387 758 3446 dextra
771 3384 897 3463 jacebat
1119 3391 1165 3438 120

158 3483 278 3545 Bellua.
320 3485 371 3546 Sic
384 3497 509 3565 pugnas
519 3484 623 3546 Cilicis
637 3481 785 3544 laudabat
799 3488 831 3541 et
844 3479 925 3540 ictus

158 3579 202 3643 Et
216 3601 329 3662 pegma
343 3590 375 3643 et
388 3599 501 3662 pueros
515 3580 588 3642 inde
603 3579 643 3641 ad
657 3579 773 3642 velaria
786 3584 901 3658 raptos.
