2622 4168
186 391 229 454 44
491 408 526 455 n.
542 409 646 457 ruurr
667 411 873 460 ‚rurmmms

186 573 328 654 Eleotrae
344 573 458 656 jugulo
472 595 505 635 se
518 577 629 655 polluit
644 586 698 638 aut
712 576 857 658 Spartani

187 672 343 751 Sanguine
358 672 513 752 eonjugii3
535 673 627 734 nullis
642 675 763 735 aconita
777 675 956 756 propinquis

185 768 320 843 Miscuit,
335 769 367 829 in
382 789 474 830 soona
486 791 645 851 uunquam
660 772 798 832 cantavit
813 772 939 834 Orestes
947 793 956 848 ;
1142 789 1191 836 220

185 865 297 927 Troioa
311 886 373 926 nou
388 866 517 946 scripsit.
559 866 644 939 Quid
658 851 741 928 enlin
754 869 923 949 Verginius
937 870 1029 932 armis

185 962 303 1023 Debuit
318 962 423 1023 uloisoi
436 963 541 1043 magis,
557 973 609 1024 aut
623 985 694 1026 oum
708 965 843 1046 Vindice
855 963 977 1026 Galba?

181 1058 269 1131 Quid
284 1058 370 1119 Nero
384 1068 449 1119 tum
463 1079 554 1120 saeva
568 1045 903 1142 erudaquetyrannide
917 1062 1015 1124 feeit?
1041 1135 1044 1142 Ι

185 1156 272 1216 Haeo
287 1175 380 1235 opera
394 1165 487 1236 atque
501 1157 559 1216 hae
574 1167 645 1218 sunt
659 1158 800 1238 generosi
815 1157 967 1239 Principis
983 1170 1072 1236 artes,

170 1247 358 1314 'Gaudentis
372 1252 464 1312 foedo
477 1255 639 1334 peregrina
653 1255 692 1314 ad
707 1255 827 1334 pulpita
842 1266 935 1317 oantu

184 1348 337 1411 Prostitui
351 1349 522 1431 Graiaeque
538 1351 640 1429 apium
654 1351 800 1412 meruisse
815 1371 955 1414 ooronae.

184 1449 340 1530 Majorum
355 1447 469 1527 effigies
483 1447 618 1508 habeant
631 1448 763 1528 insignia
777 1449 880 1510 voois:

184 1547 270 1609 Ante
283 1547 380 1628 pedes
392 1544 513 1605 Domiti
527 1545 655 1626 longum
668 1555 704 1607 tu
718 1567 799 1627 pone
813 1547 969 1628 Thyestae

185 1647 296 1727 Syrma
309 1645 362 1707 vel
376 1644 561 1725 Antigones,
576 1653 612 1705 tu
625 1664 788 1724 personam
802 1645 1005 1727 Menalippes,

184 1743 228 1804 Et
242 1744 281 1804 de
295 1762 466 1803 marmoreo
480 1742 628 1803 eitharam
642 1743 796 1824 suspende
810 1744 937 1805 oolosso.

225 1841 318 1917 Quid,
333 1843 475 1918 Catilina,
490 1842 552 1903 tuis
567 1843 721 1904 natalibus
736 1851 828 1923 atque
844 1843 976 1923 Cethegi

184 1935 328 2000 Inveniet
342 1941 503 2021 quisquam
517 1940 699 2001 sublimius?
741 1939 840 2000 Arma
853 1949 956 2001 tamen
971 1961 1027 2001 vos

184 2037 346 2099 Nootuma
360 2049 392 2099 et
406 2039 544 2099 flammas
558 2038 700 2098 domibus
713 2039 896 2120 templisque
910 2040 1048 2118 parastis,

184 2135 232 2198 Ut
246 2135 465 2197 Braooatorum
480 2135 567 2216 pueri
583 2135 801 2215 Senonumque
815 2136 956 2212 minores,

184 2232 262 2293 Ausi
277 2234 360 2314 quod
374 2234 467 2294 lioeat
481 2235 587 2296 tunioa
601 2233 710 2313 punire
725 2234 863 2294 molesta.

185 2330 248 2390 Sed
262 2331 372 2412 vigilat
387 2332 502 2394 Consul
516 2332 688 2410 vexillaque
702 2341 806 2393 vestra
820 2341 948 2392 coercet.

184 2427 247 2489 Hio
260 2449 360 2490 novus
374 2427 517 2508 Arpinas,
531 2429 674 2509 ignobilis
689 2438 721 2489 et
735 2429 829 2489 modo
844 2429 963 2490 Rornae

183 2524 380 2607 Municipalis
394 2526 506 2607 Eques,
520 2527 675 2607 galeatum
690 2527 779 2606 ponit
793 2526 906 2605 ubique

183 2622 377 2684 Praesidium
393 2624 533 2684 attonitis
548 2624 626 2684 etin
640 2624 725 2684 omni
738 2633 832 2704 gente
845 2623 974 2685 laborat.

184 2717 319 2780 Tantum
334 2721 430 2800 igitur
443 2742 547 2782 muros
561 2721 642 2780 intra
656 2730 731 2801 toga
744 2722 876 2782 eontulit
890 2722 935 2782 illi

183 2815 327 2876 Nominis
341 2828 373 2879 et
384 2819 475 2892 tituli,
490 2829 640 2898 quantum
654 2839 716 2878 uon
730 2817 882 2892 Leueade,
897 2827 1046 2899 quantum

183 2912 358 2973 Thessaliae
374 2915 489 2994 eampis
504 2914 653 2975 Octavius
668 2915 795 2974 abstulit
810 2916 873 2974 udo

184 3008 337 3070 andibus
352 3010 481 3071 assiduis
494 3011 607 3090 gladio.
649 3011 710 3070 Sed
725 3009 827 3070 Roma
840 3021 1006 3091 parentem,

183 3104 284 3165 Roma
297 3105 424 3168 Patrem
438 3107 561 3167 Patriae
578 3107 757 3170 Oioeronem
771 3108 867 3167 libera
881 3109 969 3170 dixit.

183 3202 317 3281 Arpinas
332 3205 407 3265 alius
422 3203 608 3265 Volscorum
621 3204 654 3264 in
668 3213 774 3264 moute
789 3205 908 3266 solebat

182 3297 314 3360 Poscere
328 3301 486 3362 mercedes
501 3301 601 3362 alieno
614 3301 712 3360 lassus
727 3309 847 3374 aratr03

73 3463 75 3466 ¹
182 3395 215 3455 N
216 3397 343 3458 odosam
356 3407 427 3477 post
440 3399 516 3459 haee
529 3399 691 3479 frangebat
705 3400 820 3458 vertice
835 3399 940 3475 vitem,

184 3493 217 3553 Si
231 3495 434 3576 lentus'pigra
447 3497 582 3558 muniret
597 3505 697 3558 eastra
711 3495 846 3556 dolabra.

182 3589 244 3652 Hie
257 3600 362 3652 tamen
376 3602 408 3654 et
423 3592 564 3655 Gimbros
579 3604 611 3655 et
626 3613 745 3654 summa
758 3594 895 3672 pericula
908 3615 1011 3656 rerum
