2622 4168
574 407 712 457 surina
733 409 788 456 111.
1141 389 1182 455 15

183 571 318 634 Centum
332 573 499 648 convivae3
520 574 658 653 sequitur
671 593 726 634 sua
740 593 892 654 quemque
907 573 1026 636 culina.
1137 588 1185 636 255

183 670 318 732 Corbulo
332 669 385 729 vix
398 669 492 730 ferret
505 679 555 730 tot
568 691 642 732 vasa
656 671 802 751 ingentia,
817 680 867 733 tot
880 691 929 734 res

181 765 348 846 Impositas
362 765 465 846 capiti,
479 776 555 847 quot
568 776 653 828 recto
667 768 783 828 vertice
798 779 903 848 portat

183 864 330 927 Servulus
344 862 450 922 infelix
464 873 496 924 et
511 883 601 924 cursu
615 865 746 925 venulat
759 866 873 946 ignem.

128 978 131 982 ’
183 963 376 1026 Scinduntur
388 960 511 1022 tunicae
527 971 626 1022 sartae
640 963 754 1039 modo;
775 965 869 1046 longa
882 975 1023 1028 coruscat

183 1062 312 1132 Sarraoo
326 1059 472 1120 veniente
487 1059 578 1134 abies,
594 1068 686 1140 atque
702 1062 799 1122 altera
811 1063 920 1142 pinum
1139 1078 1186 1124 255

183 1160 327 1220 Plaustra
341 1159 479 1232 vehuut3
499 1166 611 1218 nutant
626 1159 688 1218 alte
702 1161 878 1239 populoque
892 1161 1067 1221 minantur:

183 1257 267 1317 Nam
281 1257 307 1318 si
320 1256 486 1336 procubuit
500 1255 553 1335 qui
567 1275 641 1317 saxa
654 1256 813 1337 Ligustica
826 1267 931 1338 portat

141 1362 145 1371 '
182 1355 262 1414 Axis
277 1364 309 1414 et
324 1372 466 1413 eversum
479 1353 560 1413 fudit
575 1375 666 1434 super
681 1356 805 1435 agmina
818 1365 966 1430 montem,

184 1452 268 1525 Quid
283 1461 423 1532 superest
438 1452 476 1510 de
491 1453 693 1531 emporibus?
714 1453 782 1534 quis
796 1455 942 1528 membra,
957 1453 1025 1534 quis
1039 1471 1108 1515 ossa

183 1549 332 1610 Invenit?
374 1549 533 1609 Obtritum
548 1549 635 1629 vulgi
650 1550 729 1629 perit
743 1570 835 1610 omne
851 1551 985 1612 cadaver
1141 1563 1215 1610 255.

183 1648 271 1709 More
287 1649 414 1707 animae.
456 1647 577 1708 Domus
591 1648 710 1708 interea
724 1667 831 1709 secura
844 1648 974 1728 patellas

182 1745 205 1806 J
205 1765 255 1804 am
268 1747 354 1805 lavat
367 1753 400 1805 et
412 1746 510 1805 bucca
523 1745 658 1805 foculum
672 1745 788 1805 excitat
801 1754 834 1804 et
848 1754 937 1805 sonat
951 1744 1051 1805 unctis

184 1843 351 1923 striglibus
365 1852 398 1903 et
412 1844 505 1922 pleno
520 1842 678 1922 componit
692 1842 789 1904 lintea
802 1851 903 1922 gutte.

183 1939 271 2000 Haec
285 1940 366 1998 inter
379 1959 492 2019 pueros
505 1939 590 1999 varie
604 1948 823 2018 properantur:
846 1939 944 1999 atille

182 2035 204 2098 J
206 2057 256 2096 am
271 2037 358 2096 sedet
372 2036 404 2095 in
419 2035 486 2115 ripa
500 2045 676 2115 tetrumque
691 2035 831 2095 novicius
844 2036 949 2096 horret
1139 2046 1186 2093 255

184 2132 362 2208 Porthmos,
372 2153 431 2192 nec
445 2140 548 2211 sperat
562 2132 686 2192 coenosi
699 2133 830 2212 gurgitis
845 2133 950 2192 alnum
975 2197 977 2202 ¹
1025 2145 1028 2154 '

183 2230 304 2305 Infelix,
319 2232 377 2291 riec
390 2230 485 2290 habet
498 2227 591 2308 quem
606 2229 744 2308 porrigat
759 2248 811 2289 ore
826 2213 980 2289 trientem.

224 2327 356 2408 Respice
370 2348 453 2388 nunc
468 2326 528 2386 alia
542 2346 578 2386 ac
591 2325 714 2386 diversa
726 2326 862 2405 pericula
875 2325 992 2386 noctis:

185 2425 278 2498 Quod
293 2425 427 2506 spatium
441 2425 533 2487 tectis
548 2423 737 2497 sublimibus,
752 2423 834 2482 unde
849 2423 1007 2484 cerebrum

184 2523 279 2586 Testa
293 2525 371 2598 ferit,
386 2524 508 2605 quoties
522 2523 635 2582 rimosa
650 2531 682 2581 et
696 2531 784 2608 curta
796 2519 938 2579 fenestris
1139 2531 1185 2578 270

183 2621 269 2682 Vasa
283 2606 418 2697 cadunt3
439 2631 556 2702 quanto
570 2637 748 2701 percussum
763 2617 900 2696 pondere
914 2615 1037 2696 signent

184 2719 228 2782 Et
242 2722 367 2782 laedant
381 2721 506 2781 silicem.
548 2717 652 2779 Possis
665 2717 796 2796 ignavus
810 2712 916 2772 haberi

184 2817 227 2878 Et
242 2819 335 2879 subiti
350 2837 437 2878 casus
450 2816 650 2897 improvidus,
666 2813 704 2873 ad
720 2811 848 2872 coenam
863 2810 889 2870 si

157 2937 163 2948 ·
184 2917 356 2976 Intestatus
371 2934 436 2974 eas:
471 2913 562 2973 Adeo
577 2921 626 2973 tot
639 2912 703 2989 fata
717 2918 793 2990 quot
807 2908 861 2968 illa

184 3013 288 3074 Nocte
302 3021 412 3092 patent
425 3011 535 3089 vigiles
549 3019 581 3069 te
595 3016 810 3089 praetereunte
825 3006 986 3065 fenestrae.
1138 3017 1187 3065 275

110 3099 113 3104 ’
185 3110 270 3190 Ergo
285 3118 374 3190 optes
388 3115 558 3186 votumque
573 3106 651 3166 feras
666 3105 839 3166 miserabile
853 3112 967 3176 tecum,

185 3207 234 3268 Ut
248 3208 309 3267 sint
324 3213 487 3266 contentae
501 3203 622 3282 patulas
637 3202 806 3262 defundere
819 3202 934 3282 pelves.

225 3304 338 3364 Ebrius
353 3321 388 3362 ac
401 3301 543 3380 petulans
558 3299 611 3378 qui
624 3300 744 3360 nullum
758 3299 838 3360 forte
853 3298 965 3360 cecidit

186 3398 249 3460 Dat
263 3419 386 3479 poenas,
402 3407 525 3458 noctem
539 3396 657 3475 patitur
670 3395 804 3476 lugentis
819 3396 951 3456 amicum

187 3495 321 3569 Pelidae,
336 3494 429 3554 cubat
442 3493 475 3553 in
488 3493 605 3566 faciem,
620 3513 693 3553 mox
707 3492 819 3552 deinde
834 3493 969 3572 supinus.
1160 3505 1188 3552 so

188 3582 270 3671 Ergo
284 3611 347 3651 non
361 3590 451 3651 aliter
463 3588 578 3670 poterit
593 3588 748 3649 dormire?
789 3587 982 3676 Quibusdam
1027 3625 1041 3656 ι,
1060 3589 1088 3661 ’,ς
