2622 4168
563 365 699 414 sauma
720 365 772 413 xr.
1123 346 1165 411 61

162 538 311 599 Erectum
325 534 444 596 domito
458 533 592 594 referens
603 552 625 593 a
638 542 744 593 monte
758 531 901 612 ligonem.
986 539 987 544 ’

163 637 268 710 Quum
282 640 453 699 tremerent
467 640 572 692 autem
586 630 700 691 Fabios
715 629 888 709 durumque
904 629 1055 690 Catonem
1134 644 1165 692 eo

161 732 205 796 Et
219 721 350 795 Scauros
365 739 397 791 et
411 727 578 800 Fabricios,
591 737 748 806 postremo
762 745 884 788 severos

163 831 305 892 Censoris
318 848 420 891 mores
435 825 529 886 etiam
543 825 661 904 collega
675 823 808 898 timeret,

161 929 264 989 Nemo
278 928 360 989 inter
374 945 462 988 curas
475 933 508 984 et
522 922 601 982 seria
615 921 705 981 duxit
718 919 903 995 habendum,

161 1026 269 1098 Qualis
283 1026 315 1086 in
330 1024 446 1086 Oceani
460 1023 557 1082 fluctu
573 1018 699 1080 testudo
713 1025 844 1091 nataret,

160 1124 286 1186 Clarum
301 1121 485 1202 Trcjugenis
499 1121 618 1195 factura
633 1135 668 1175 ac
682 1114 785 1175 nobile
799 1114 950 1191 fulcrum3

160 1220 223 1280 Sed
237 1219 321 1280 nudo
336 1221 432 1279 latere
447 1226 479 1278 et
491 1216 596 1297 parvis
610 1214 693 1274 frons
709 1231 798 1271 aerea
811 1210 901 1272 lectis

159 1315 232 1376 Vile
248 1315 387 1376 coronati
399 1323 493 1394 caput
507 1311 693 1374 ostendebat
708 1308 802 1382 aselli,

157 1411 209 1470 Ad
227 1411 311 1491 quod
325 1410 431 1472 lascivi
445 1411 594 1471 ludebant
607 1409 687 1469 ruris
703 1405 828 1468 alumni.

158 1507 251 1568 Tales
266 1528 339 1588 ergo
353 1508 414 1568 cibi
425 1508 525 1588 'qualis
540 1507 650 1567 domus
666 1514 758 1586 atque
775 1505 921 1585 supellex.

197 1604 287 1678 Tunc
301 1605 386 1666 rudis
400 1615 432 1666 et
447 1604 555 1665 Graias
569 1603 673 1664 mirari
687 1602 807 1663 nescius
822 1611 912 1678 artes,

157 1702 296 1764 Urbibus
310 1703 432 1776 eversis,
446 1703 629 1783 praedarum
643 1701 675 1761 in
690 1710 777 1781 parte
791 1709 914 1781 reperta

157 1799 341 1880 Magnorum
356 1799 507 1860 artificum
521 1799 683 1879 frangebat
697 1800 808 1878 pocula
824 1797 920 1872 miles,

156 1895 205 1958 Ut
218 1897 349 1976 phaleris
363 1897 514 1978 gauderet
528 1916 633 1976 equus,
647 1894 932 1975 caelataque-cassis

156 1993 326 2054 Romuleae
341 1994 503 2055 simulacra
516 1993 598 2054 ferae
612 2011 824 2054 mansuescere
834 1993 939 2073 jussae

155 2090 282 2171 Imperii
296 2091 369 2166 fato,
384 2091 523 2171 geminos
537 2091 594 2150 sub
607 2110 683 2170 rupe
698 2090 853 2166 Quirinos,

155 2187 204 2246 Ac
219 2188 333 2247 nudam
348 2187 479 2268 effigiem
494 2187 592 2267 clipeo
607 2187 760 2248 venientis
775 2197 807 2248 et
820 2190 911 2250 hasta

154 2285 385 2364 Pendentisque
400 2284 451 2343 dei
465 2284 601 2362 perituro
615 2285 793 2346 ostenderet
807 2286 898 2348 hosti.

152 2381 288 2461 Argenti
303 2381 386 2462 quod
401 2389 468 2440 erat
482 2381 554 2442 solis
567 2381 706 2462 fulgebat
720 2383 752 2442 in
768 2385 868 2447 armis.

152 2477 318 2538 Ponebant
331 2477 426 2557 igitur
439 2477 542 2538 Tusco
555 2477 668 2539 farrata
682 2480 785 2541 catino
797 2501 805 2556 3

153 2574 268 2634 Omnia
281 2584 356 2635 tunc
371 2575 481 2654 quibus
493 2574 633 2636 invideas
647 2575 673 2636 si
687 2577 834 2640 lividulus
849 2580 898 2641 sis.

153 2671 354 2750 Templornm
368 2690 490 2750 quoque
504 2671 648 2751 majestas
662 2677 853 2753 praesentior
867 2687 899 2738 et
913 2697 975 2740 vox

152 2768 255 2828 Nocte
269 2768 332 2828 fere
346 2767 450 2828 media
463 2767 657 2849 mediamque
672 2773 778 2832 audita
792 2793 847 2853 per
860 2775 990 2851 Urbem,

152 2863 257 2924 Litore
272 2865 311 2925 ab
325 2865 451 2926 Oceano
465 2863 562 2926 Gallis
578 2866 774 2930 venientibus
789 2881 821 2932 et
835 2873 883 2934 dis

152 2961 295 3021 Officium
308 2962 389 3022 vatis
402 2965 630 3044 peragentibus.
672 2969 731 3032 His
744 2971 866 3032 monuit
879 2991 943 3046 nos,

152 3057 244 3118 Hanc
257 3058 347 3118 rebus
361 3057 459 3120 Latiis
474 3083 580 3124 curam
594 3075 749 3145 praestare
764 3068 883 3128 solebat
983 3083 985 3087 ·

152 3154 272 3216 Fictilis
286 3165 318 3216 et
332 3157 417 3218 nullo
433 3160 568 3222 violatus
582 3163 730 3244 Juppiter
744 3183 828 3226 auro.

151 3250 211 3310 Illa
225 3253 309 3314 domi
323 3266 412 3318 natas
428 3269 593 3338 nostraque
610 3279 647 3320 ex
663 3261 770 3321 arbore
784 3279 906 3322 mensae

151 3348 306 3432 Tempora
320 3355 486 3418 viderunt:
507 3357 564 3416 hos
578 3356 695 3436 lignum
711 3358 813 3418 stabat
827 3357 858 3418 in
875 3377 955 3432 nsua,

151 3447 313 3514 Annosam
329 3453 354 3515 si
368 3455 447 3514 forte
462 3471 574 3514 nucem
589 3452 742 3533 dejecerat
756 3452 867 3515 Eurus.

151 3545 198 3610 At
211 3570 295 3614 nunc
309 3549 458 3612 divitibus
472 3549 625 3612 coenandi
636 3549 724 3612 nulla
735 3551 888 3633 voluptas,
