2622 4168
544 397 679 445 SAPOEA
700 399 724 446 1.

127 558 171 618 Et
185 579 269 620 mare
282 581 461 642 percussum
474 583 570 643 puero
586 563 765 644 fabrumque
779 565 946 639 volantem,

129 661 234 733 Quum
249 663 319 722 leno
334 662 465 741 accipiat
478 661 600 721 moechi
613 661 703 734 bona,
717 661 743 721 si
757 661 900 741 capiendi

127 757 150 818 J
152 778 186 818 us
200 759 320 818 nullum
334 759 430 831 uxori,
445 759 558 836 doctus¹
568 767 706 836 spectare
720 759 853 832 lacunar,

128 854 250 914 Doctus
263 863 295 914 et
310 855 349 913 ad
364 854 490 914 calicem
504 853 645 932 vigilanti
660 863 789 914 stertere
803 875 894 930 naso;

130 951 235 1024 Quum
248 951 293 1010 fas
308 971 374 1011 esse
387 960 477 1029 putet
492 969 596 1009 curam
609 959 748 1029 spectare
763 952 896 1013 cohortis

129 1047 192 1119 Qui
206 1048 287 1107 bona
301 1047 430 1107 donavit
444 1047 649 1126 praesepibus,
664 1057 696 1107 et
711 1057 794 1108 caret
808 1049 892 1108 omni

129 1144 285 1224 Majorum
299 1165 392 1204 censu
407 1144 481 1202 dum
496 1143 637 1222 pervolat
652 1164 709 1204 axe
725 1144 821 1204 citato

130 1240 314 1300 Flaminiam
328 1241 427 1320 puer?
449 1239 651 1300 Automedon
666 1261 736 1302 nam
751 1242 817 1301 lora
831 1242 958 1303 tenebat

130 1336 201 1416 Ipse
215 1338 388 1396 lacernatae
403 1355 498 1414 quum
513 1355 545 1396 se
562 1336 695 1416 jactaret
709 1338 834 1399 amicae.
849 1333 853 1340 ’

129 1432 244 1493 Nonne
258 1433 333 1493 libet
348 1432 451 1492 medio
466 1452 550 1492 ceras
564 1433 692 1512 implere
706 1454 833 1514 capaces

130 1530 310 1604 Quadrivi0‚
324 1550 418 1610 quum
435 1531 502 1609 jam
516 1541 604 1592 sexta
618 1532 735 1592 cervice
749 1533 874 1606 feratur,

130 1627 213 1689 Hinc
227 1637 320 1707 atque
333 1626 406 1687 inde
420 1638 530 1707 patens
545 1647 580 1689 ac
594 1629 678 1688 nuda
691 1649 788 1708 paene
803 1631 950 1691 cathedra

129 1725 173 1786 Et
186 1725 321 1786 multum
333 1724 467 1785 referens
482 1725 521 1785 de
535 1725 715 1786 Maecenate
730 1726 847 1805 supino,

130 1823 277 1904 Signator
290 1823 375 1896 falso,
390 1823 443 1903 qui
457 1842 489 1883 se
503 1824 621 1882 lautum
637 1832 729 1902 atque
742 1823 870 1884 beatum

129 1921 259 2001 Exiguis
273 1920 386 1980 tabulis
400 1928 432 1980 et
446 1939 569 1999 gemma
582 1920 695 1980 fecerat
710 1921 794 1980 uda?

129 2017 273 2080 Occurrit
286 2026 428 2078 matrona
441 2026 561 2096 potens,
575 2036 653 2095 quae
667 2017 759 2076 molle
775 2017 926 2078 Calenum

129 2115 316 2181 Porrectura
329 2113 397 2174 viro
412 2113 519 2173 miscet
533 2113 657 2174 sitiente
672 2114 821 2189 rubetam,

105 2213 107 2217 ’
129 2212 331 2292 Instituitque
345 2211 438 2270 rudes
452 2210 561 2270 melior
574 2209 709 2270 Locusta
722 2211 909 2290 propinquas

128 2310 193 2370 Per
205 2309 318 2368 famam
332 2317 365 2369 et
378 2308 528 2388 populum
542 2306 647 2387 nigros
661 2306 765 2366 efferre
780 2309 916 2368 maritos.

129 2407 223 2466 Aude
238 2405 354 2485 aliquid
368 2405 512 2464 brevibus
527 2403 636 2482 Gyaris
651 2412 682 2463 et
697 2423 816 2464 carcere
831 2404 969 2482 dignum,

131 2503 165 2564 Si
179 2503 225 2562 vis
240 2522 305 2562 esse
319 2501 444 2582 aliquis:
458 2500 596 2584 probitas
610 2500 755 2560 laudatur
768 2510 801 2560 et
815 2500 908 2579 alget.

131 2595 316 2661 Criminibus
330 2599 446 2659 debent
459 2599 574 2672 hortos,
588 2597 750 2677 praetoria,
764 2615 894 2670 mensas,

129 2697 306 2776 Argentum
319 2705 410 2756 vetus
424 2705 456 2756 et
470 2704 606 2756 stantem
620 2703 709 2754 extra
721 2695 830 2773 pocula
845 2712 979 2772 caprum.

130 2792 232 2865 Quem
246 2793 363 2872 patitur
377 2779 509 2852 donuir‘e
522 2812 619 2852 nurus
634 2801 793 2868 corruptor
808 2810 927 2863 avarae,

130 2890 233 2962 Quem
248 2908 377 2969 sponsae
390 2898 496 2968 turpes
510 2898 542 2949 et
555 2897 768 2970 praetextatus
783 2889 926 2948 adulter?

131 2986 165 3048 Si
178 2996 290 3047 natura
303 2994 398 3066 negat
410 2985 484 3045 facit
497 2984 671 3066 indignatio
686 3005 816 3059 versum,

130 3083 383 3161 Qualemcunque
397 3090 509 3161 potest,
523 3083 628 3161 quales
644 3101 701 3161 ego
716 3084 766 3142 vel
781 3081 957 3144 Cluuienus.

170 3180 219 3239 Ex
234 3199 294 3259 quo
308 3178 478 3239 Deucalion
493 3178 605 3238 nimbis
619 3178 798 3238 tollentibus
812 3197 927 3258 aequor

130 3275 265 3355 Navigio
280 3283 418 3335 montem
433 3275 571 3335 ascendit
585 3285 743 3355 sortesque
757 3276 907 3355 poposcit,

130 3371 358 3452 Paullatimque
372 3371 474 3431 anima
488 3371 648 3432 caluerunt
662 3372 765 3432 mollia
779 3391 860 3444 saxa,

95 3464 102 3477 ’
129 3468 172 3530 Et
186 3468 320 3528 maribus
334 3467 434 3528 nudas
448 3467 585 3528 ostendit
599 3467 719 3546 Pyrrha
732 3468 858 3546 puellas,

130 3563 291 3643 Quidquid
305 3573 402 3645 agunt
414 3563 564 3638 homines,
579 3573 695 3638 votum,
709 3563 810 3638 timor,
823 3563 877 3638 ira,
890 3563 1042 3642 voluptas,
1101 3574 1132 3619 85
