2622 4168
541 435 678 484 SATIRA
699 437 736 484 X.

130 604 220 664 Tunc
234 603 274 663 de
290 602 411 682 Sejauo,
427 613 545 664 secreta
559 603 636 663 haec
649 624 807 664 murmura
820 606 915 686 vulgi.

129 700 229 762 Visne
243 699 371 761 salutari
385 699 464 759 sicut
480 699 633 779 Sejanus?
654 701 766 760 habere

129 798 341 872 Tantundem,
357 806 451 876 atque
465 797 508 857 illi
525 817 660 858 summas
675 799 790 858 donare
806 800 935 876 curules,

132 893 227 955 Illum
241 893 427 955 exercitibus
441 895 655 973 praeponere?
675 903 761 954 tutor
775 895 882 955 haberi

129 991 283 1071 Principis
298 1000 430 1072 angusta
445 990 634 1070 Caprearum
647 991 679 1050 in
694 1011 769 1071 rupe
785 993 921 1053 sedentis

130 1089 210 1149 Cum
223 1109 316 1169 grege
332 1088 512 1149 Chaldaeo?
553 1086 612 1169 Vis
626 1096 710 1148 certe
724 1088 795 1167 pila,
810 1089 960 1166 cohortes,

128 1183 280 1265 Egregios
294 1185 413 1265 equites
428 1194 460 1245 et
474 1194 574 1245 castra
589 1183 766 1244 domestica
808 1184 927 1255 Quidni
1103 1203 1134 1248 95

128 1280 216 1342 Haec
231 1283 358 1362 cupias?
378 1291 410 1343 et
425 1281 478 1362 qui
492 1282 603 1348 nolunt
618 1281 757 1342 occidere
772 1302 948 1362 quenquam

128 1378 225 1440 Posse
239 1379 357 1440 volunt.
400 1379 462 1440 Sed
477 1399 555 1459 quae
569 1379 726 1458 praeclara
740 1391 772 1439 et
786 1399 931 1459 prospera
945 1389 1068 1443 tantum

128 1473 177 1537 Ut
191 1477 282 1536 rebus
295 1476 385 1537 laetis
399 1495 455 1556 par
468 1475 508 1537 sit
521 1496 667 1536 mensura
680 1477 854 1537 malorum?

127 1571 230 1652 Hujus
245 1573 297 1652 qui
311 1573 444 1633 trahitur
456 1582 651 1652 praetextam
665 1593 784 1638 sumere
799 1575 906 1647 mavis,

125 1667 179 1728 An
194 1669 382 1729 Fidenarum
397 1669 627 1750 Gabiorumque
643 1690 709 1730 esse
722 1681 862 1751 potestas

125 1765 169 1825 Et
184 1765 223 1826 de
239 1785 380 1826 mensura
389 1766 441 1844 jus
456 1767 566 1841 dicere,
581 1787 654 1828 vasa
668 1768 789 1829 minora

125 1861 282 1942 Frangere
297 1882 451 1943 pannosus
465 1865 570 1926 vacuis
584 1865 707 1926 Aedilis
721 1865 874 1928 Ulubris?

123 1957 209 2038 Ergo
224 1959 298 2039 quid
313 1961 483 2039 optandum
494 1961 574 2021 soret
587 1963 744 2042 ignorasse
758 1964 864 2026 fateris

125 2055 288 2134 Sejanum:
302 2076 374 2116 nam
388 2057 441 2136 qui
455 2057 565 2118 nimios
580 2060 708 2137 optabat
721 2061 853 2122 honores
874 2051 877 2059 ¹

124 2151 169 2211 Et
182 2152 291 2212 nimias
305 2155 452 2231 poscebat
466 2173 548 2233 opes,
562 2176 724 2217 numerosa
737 2158 867 2238 parabat

122 2248 273 2309 Excelsae
288 2249 381 2310 turris
395 2251 542 2326 tabulata,
558 2253 640 2312 unde
651 2255 742 2316 altior
756 2266 838 2317 esset
853 2289 854 2292 ¹

123 2347 220 2406 Casus
236 2354 267 2406 et
280 2345 430 2425 impulsae
444 2367 589 2428 praeceps
604 2349 737 2412 immane
753 2355 868 2415 ruinae.

122 2441 210 2514 Quid
225 2443 360 2517 Crassos,
375 2443 449 2522 quid
464 2443 629 2524 Pompeios
644 2450 766 2525 evertit,
782 2461 815 2512 et
828 2453 916 2512 illum

120 2538 175 2598 Ad
191 2559 246 2598 sua
260 2539 313 2619 qui
328 2541 461 2601 domitos
476 2541 605 2603 deduxit
619 2544 715 2625 flagra
729 2546 892 2619 Quirites?

122 2633 269 2695 Summus
284 2655 394 2716 nempe
408 2639 494 2698 locus
508 2639 592 2700 nulla
606 2661 670 2702 non
685 2653 751 2704 arte
765 2645 890 2724 petitus,

121 2729 298 2811 Magnaque
313 2733 489 2794 numinibus
503 2746 578 2796 vota
593 2739 740 2801 exaudita
753 2743 905 2824 malignis.

74 2892 78 2896 ,
119 2826 176 2886 Ad
190 2847 338 2906 generum
354 2829 472 2890 Cereris
487 2832 552 2892 sine
568 2835 663 2896 caede
678 2846 710 2898 et
725 2840 852 2901 vulnere
866 2843 956 2922 pauci

118 2922 322 2986 Descendunt
337 2946 425 3006 reges
440 2937 471 2988 et
485 2929 566 2991 sicca
580 2943 679 2995 morte
694 2937 829 3016 tyranni.

160 3019 326 3100 Eloquium
340 3041 375 3083 ac
388 3023 501 3086 famam
516 3026 735 3114 Demosthenis
750 3043 803 3093 aut
818 3035 975 3098 Ciceronis

117 3116 233 3196 Incipit
247 3128 353 3198 optare
368 3129 400 3180 et
413 3124 489 3184 totis
505 3124 749 3206 Quinquatribus
764 3141 862 3209 optat,
946 3155 951 3160 ·

118 3212 267 3294 Quisquis
281 3217 382 3279 adhuc
396 3239 459 3280 uno
472 3231 594 3300 partam
609 3223 683 3284 colit
698 3244 764 3285 asse
779 3225 965 3304 Minervam,

118 3309 221 3381 Quem
236 3313 373 3393 sequitur
388 3326 491 3378 custos
506 3328 656 3398 angustae
670 3324 799 3382 vernula
813 3344 931 3404 capsae.

116 3407 250 3488 Eloquio
264 3411 319 3471 sed
334 3421 464 3493 uterque
478 3415 559 3494 perit
573 3424 694 3492 orator3
709 3427 875 3499 utrumque

115 3501 236 3583 Largus
250 3516 282 3567 et
297 3507 457 3576 exundans
471 3509 534 3575 leto
549 3511 638 3573 dedit
651 3513 768 3594 ingenii
781 3515 858 3575 fons.

115 3597 370 3682 Ingeniomanus
385 3613 432 3665 est
446 3614 479 3668 et
493 3607 596 3692 cervix
611 3628 708 3686 caesa,
721 3630 930 3692 necunquam
1078 3629 1125 3676 120

612 3707 628 3756 4
