2622 4168
164 335 206 399 62
467 349 503 395 n.
519 349 622 397 sunu
643 349 850 398 Juvsusnrs

162 517 219 578 Nil
232 517 386 591 rhombus,
401 515 445 575 nil
460 515 551 575 dama
564 515 653 597 sapit,
666 525 776 596 putere
791 516 936 575 videntur

162 614 335 694 Unguenta
349 623 440 691 atque
454 631 549 686 rosae,
563 613 643 672 latos
657 612 717 673 nlsi
730 612 862 672 sustinet
876 612 964 672 orbes

68 707 70 712 ’
162 710 286 772 Grande
301 711 377 770 ebur
391 718 423 769 et
437 729 550 792 rnagno
564 709 702 769 sublimis
716 709 830 789 pardus
843 708 931 768 hiatu

162 807 316 868 Dentibus
330 826 369 866 ex
384 806 443 866 illis
458 825 535 886 quos
549 806 647 866 mittit
661 815 751 885 porta
766 805 884 885 Syenes

162 905 205 965 Et
218 904 319 964 Mauri
334 905 446 964 celeres
461 915 492 962 et
506 903 617 963 Mauro
631 903 788 964 obscurior
801 902 907 979 Indus,

161 1003 205 1064 Et
219 1023 294 1083 quos
309 1002 451 1082 deposuit
464 1001 497 1060 N
498 1003 649 1061 abathaeo
663 1001 766 1061 bellua
780 1003 861 1062 saltu

160 1100 182 1162 J
184 1120 233 1159 am
248 1099 359 1158 nimios
374 1097 528 1178 capitique
542 1117 661 1178 graves.
702 1098 900 1181 Hinqsurgit
913 1100 1023 1176 orexis,

161 1197 245 1256 Hinc
258 1197 417 1256 stomacho
432 1195 529 1270 vires3
550 1215 622 1255 nam
635 1215 690 1275 pes
704 1207 869 1277 argenteus
882 1197 943 1258 illis

160 1294 303 1354 Annulus
317 1294 349 1353 in
364 1294 463 1372 digito
478 1294 560 1372 quod
575 1293 696 1355 ferreus
739 1295 824 1376 Ergo
838 1297 1004 1376 superbum

161 1390 334 1452 Convivam
349 1409 452 1466 caveo,
466 1392 519 1471 qui
533 1412 582 1453 me
597 1393 654 1454 sibi
669 1403 827 1473 comparat
841 1403 873 1454 et
886 1415 935 1456 res

160 1486 300 1567 Despicit
315 1489 450 1570 exiguae.
491 1489 583 1551 Adeo
597 1492 683 1552 nulla
696 1492 787 1552 uncia
800 1491 889 1553 nobis
989 1519 991 1524 ’

160 1584 219 1645 Est
233 1585 341 1660 eboris,
356 1607 413 1648 nec
428 1588 576 1662 tessellae,
590 1607 649 1650 neo
663 1590 796 1650 oaloulus
811 1610 850 1650 ex
863 1591 922 1652 hao

160 1683 308 1745 Materia:
330 1685 403 1765 quin
418 1686 484 1765 ipsa
497 1686 658 1747 manubria
671 1687 866 1747 cultellorum
926 1731 928 1736 -

161 1784 273 1859 Ossea3
295 1805 357 1844 non
373 1794 475 1845 tamen
489 1784 537 1844 his
552 1785 614 1844 ulla
627 1804 762 1863 unquam
776 1785 903 1846 obsonia
915 1783 995 1847 fiunt

160 1881 342 1955 Rancidula
357 1881 494 1942 antideo
508 1881 595 1961 pejor
608 1882 722 1962 gallina
736 1891 866 1943 secatur.

161 1979 224 2040 Sed
238 2000 295 2040 nec
309 1988 444 2040 structor
457 1979 515 2039 erit
529 1979 579 2039 cui
593 1979 702 2040 cedere
717 1980 829 2040 debeat
844 1980 943 2042 omnis

160 2077 303 2158 Pergula,
318 2077 485 2158 discipulus
499 2076 652 2158 Trypheri
666 2077 810 2152 doctoris,
825 2079 907 2159 apud
921 2097 1014 2159 quern

161 2177 288 2238 Sumine
304 2196 374 2236 cum
389 2196 503 2257 magno
516 2176 604 2256 lepus
618 2185 710 2256 atque
725 2195 798 2256 aper
812 2184 844 2236 et
856 2195 1013 2256 pygargus

159 2275 201 2336 Et
217 2275 380 2355 Scythicae
395 2275 535 2336 volucres
548 2283 581 2334 et
594 2273 851 2353 phoenicopterus
865 2273 974 2354 ingens

159 2372 203 2433 Et
217 2372 366 2433 Gaetulus
381 2391 458 2452 oryx
471 2370 576 2431 hebeti
590 2370 760 2430 lautissima
773 2371 853 2431 ferro

159 2473 315 2548 Caeditur,
330 2482 362 2533 et
371 2467 445 2533 'tota
458 2479 548 2532 sonat
562 2471 664 2530 ulmea
678 2487 774 2529 coena
789 2468 933 2529 Suburra

158 2570 227 2631 Neo
240 2570 372 2630 frustum
387 2587 513 2649 capreae
528 2567 696 2627 subducere
711 2586 769 2627 neo
782 2567 863 2626 latus
877 2565 971 2625 Afrae

158 2667 258 2729 Novit
273 2669 338 2729 avis
352 2677 465 2741 noster,
480 2665 651 2728 tirunculus
666 2683 701 2724 ac
714 2663 799 2723 rudis
814 2652 897 2722 omui

158 2767 311 2848 Tempore
326 2776 358 2827 et
373 2766 501 2845 exiguae
515 2763 605 2823 firrtis
618 2762 755 2822 imbutus
769 2761 886 2820 ofellae.
1148 2847 1152 2853 ἡ

159 2864 302 2925 Plebeios
317 2865 426 2926 calices
440 2872 472 2923 et
485 2861 591 2942 paucis
605 2859 722 2920 assibus
736 2867 857 2938 emptos
1113 2874 1160 2920 145

158 2962 303 3042 Porriget
317 2963 452 3024 incultus
466 2981 543 3042 puer
557 2969 650 3039 atque
665 2978 683 3018 a
696 2956 810 3036 frigore
824 2965 919 3030 tutus,

158 3058 232 3119 Non
247 3060 355 3139 Phryx
370 3068 423 3120 aut
437 3058 558 3138 Lycius,
572 3077 634 3117 non
650 3076 668 3117 a
681 3075 836 3135 mangone
849 3054 966 3135 petitus

159 3156 330 3236 Quisquam
345 3158 402 3218 erit
416 3166 448 3218 et
462 3177 584 3237 magno.
626 3154 731 3227 Quum
744 3175 860 3235 posces,
874 3173 966 3235 posce
980 3153 1100 3216 Latine.

158 3253 247 3314 Idem
261 3254 385 3315 habitus
399 3255 526 3329 cunctis,
542 3253 624 3315 tonsi
638 3253 774 3334 rectique
790 3253 892 3335 capilli

158 3349 264 3428 Atque
278 3351 370 3411 hodie
385 3361 507 3411 tantum
520 3360 647 3431 propter
660 3351 802 3412 convivia
815 3353 896 3433 pexi.
1113 3367 1162 3414 150

158 3444 295 3508 Pastoris
310 3448 378 3508 duri
393 3458 440 3509 est
453 3449 504 3510 hio
517 3448 606 3522 filius,
621 3447 672 3508 ille
687 3448 828 3510 bubulci:

160 3540 299 3624 Suspirat
312 3545 405 3625 longo
419 3565 482 3606 non
497 3544 594 3605 visam
608 3553 746 3624 ternpore
760 3555 890 3608 matrem
