2646 4170
181 395 222 464 92
496 410 532 456 o.
549 408 652 457 suun
673 407 882 456 aurnunms

179 578 341 651 Dimidios,
358 576 432 636 alias
446 576 538 636 facies
552 583 585 635 et
598 574 716 634 hiantia
730 574 829 652 ruptis

180 676 258 735 Ossa
271 673 367 754 genis,
381 674 489 753 plenos
504 672 662 733 oculorum
676 670 824 750 sanguine
839 677 968 752 pugnos.

179 771 301 832 Ludere
316 791 348 830 se
363 771 495 830 eredunt
509 767 567 848 ipsi
581 776 685 828 tamen
700 775 732 826 et
746 767 878 845 pueriles

180 868 333 928 Exercere
349 867 437 940 acies,
453 865 536 945 quod
551 865 636 925 nulla
649 863 800 923 cadavera
814 866 950 926 calcent:
1151 879 1182 927 60

179 965 223 1025 Et
237 984 309 1025 sane
324 984 384 1044 quo
399 972 448 1024 tot
461 962 590 1023 rixantis
604 960 700 1020 millia
714 959 822 1021 turbae

180 1063 214 1126 Si
230 1061 339 1121 vivunt
354 1060 483 1121 omnes?
523 1058 608 1138 Ergo
624 1056 722 1118 acrior
735 1057 877 1137 impetus,
893 1069 926 1119 et
942 1060 1009 1139 jam

181 1160 263 1220 Saxa
277 1157 432 1219 inclinatis
445 1175 501 1238 per
514 1156 643 1215 humum
658 1153 795 1234 quaesita
809 1155 933 1217 lacertis

180 1255 338 1336 Incipiunt
352 1265 504 1333 torquere,
520 1251 689 1311 domestica
703 1251 848 1311 seditioni

180 1353 274 1426 Tela;
295 1370 352 1411 nec
366 1351 448 1410 huno
461 1348 604 1429 lapidem,
620 1347 725 1426 quales
740 1355 773 1407 et
787 1347 910 1410 Turnus
922 1359 956 1413 et
970 1349 1062 1429 Ajax,
1150 1363 1181 1425 615

180 1449 243 1510 Vel
257 1469 318 1528 quo
332 1445 472 1525 Tydides
486 1443 636 1525 percussit
649 1443 786 1522 pondere
801 1464 909 1506 coxam

180 1547 315 1617 Aeneae,
330 1543 385 1604 sed
400 1561 492 1622 quem
506 1540 631 1601 valeant
646 1539 788 1600 emittere
802 1540 929 1604 dextrae

181 1643 247 1704 Illis
261 1639 422 1701 dissimiles
437 1648 469 1699 et
483 1647 588 1698 nostro
603 1646 742 1716 tempore
757 1647 856 1698 natae.

180 1739 265 1800 Nam
279 1757 377 1819 genus
392 1737 451 1796 hoc
465 1734 537 1795 vivo
547 1735 615 1814 jam
630 1733 827 1796 decrescebat
842 1735 996 1810 Homer03

181 1837 277 1898 Terra
291 1836 389 1897 malos
402 1833 542 1896 homines
557 1851 640 1894 nunc
655 1832 768 1892 educat
782 1841 875 1912 atque
889 1834 1032 1914 pusillos:
1152 1849 1182 1896 το

181 1935 266 2017 Ergo
281 1934 366 2008 deus,
383 1932 557 2012 quicunque
574 1930 702 2014 aspexit,
716 1929 798 1990 ridet
812 1939 844 1990 et
858 1931 933 1992 odit.

133 2060 134 2064 ¹
180 2034 213 2093 A
227 2031 411 2093 diverticulo
426 2038 583 2109 repetatur
597 2028 709 2088 fabula.
749 2026 921 2107 Postquam

182 2129 332 2192 Subsidiis
347 2127 431 2190 aucti
444 2147 515 2208 pars
530 2127 627 2188 altera
640 2145 781 2206 promere
794 2125 909 2186 ferrum

180 2229 289 2289 Audet
304 2236 336 2288 et
349 2226 467 2287 infestis
483 2242 618 2306 pugnam
633 2224 804 2284 instaurare
819 2223 956 2304 sagittis3

181 2324 284 2405 Terga
297 2325 371 2403 fuga
385 2323 476 2382 celeri
491 2321 719 2402 praestantibus
735 2322 886 2396 omnibus,
902 2322 1019 2382 instant
1152 2337 1183 2383 75

182 2421 245 2494 Qui
259 2422 361 2484 vicina
375 2422 482 2483 colunt
494 2414 657 2482 'umbrosae
672 2419 811 2502 Tentyra
825 2423 954 2502 palmae.

80 2539 87 2552 ·
181 2518 311 2582 Labitur
324 2520 396 2580 hinc
410 2520 537 2602 quidam
551 2519 646 2580 nimia
660 2520 823 2581 formidine
838 2541 959 2594 cursum

182 2616 393 2698 Praecipitans
411 2618 608 2699 capiturque:
631 2628 679 2681 ast
691 2619 780 2680 illum
793 2619 825 2679 in
840 2619 972 2699 plurima
985 2626 1101 2681 sectum

175 2713 295 2776 Frusta
309 2725 342 2776 et
357 2716 531 2796 particulas,
545 2726 581 2777 ut
596 2717 701 2777 multis
717 2725 856 2778 mortuus
870 2736 950 2776 unus

183 2809 351 2885 Sufficeret,
367 2821 469 2874 totum
483 2813 612 2874 corrosis
628 2813 746 2874 ossibus
762 2814 828 2874 edit
1153 2825 1185 2872 80

185 2905 305 2966 Victrix
319 2908 427 2984 turba3
448 2929 506 2970 uec
520 2909 641 2971 ardenti
655 2910 780 2970 decoxit
794 2930 872 2971 aeno

182 3002 249 3063 Aut
263 3004 413 3080 verubus3
434 3006 560 3085 longum
576 3026 672 3086 usque
689 3007 766 3067 adeo
780 3006 964 3087 tardumque
981 3006 1105 3086 putavit

181 3098 371 3180 Exspectare
385 3102 478 3176 focos,
493 3111 639 3164 contenta
653 3103 802 3165 cadavere
817 3103 921 3164 crudo,

183 3196 243 3258 Hic
258 3199 393 3278 gaudere
408 3199 484 3260 libet
499 3199 583 3278 quod
597 3221 660 3261 non
676 3200 839 3261 violaverit
852 3200 965 3279 ignem,

183 3293 285 3366 Quem
300 3315 419 3356 summa
433 3295 510 3356 caeli
524 3307 648 3375 raptum
662 3297 700 3358 de
714 3306 802 3376 parte
816 3295 1022 3357 Prometheus
1153 3310 1184 3355 85

184 3392 322 3452 Donavit
336 3393 433 3453 terris.
474 3392 639 3454 Elementa
652 3395 793 3474 gratulor
806 3403 838 3455 et
851 3405 883 3455 te
1228 3380 1236 3396 ’

183 3485 347 3548 Exsultare
362 3509 438 3552 reor.
480 3489 543 3549 Sed
560 3489 612 3570 qui
626 3491 766 3551 mordere
780 3491 913 3551 cadaver

186 3582 342 3645 Sustinuit
355 3585 400 3644 nil
413 3605 549 3665 unquam
563 3587 621 3647 hac
635 3606 726 3648 carne
740 3587 885 3648 libentius
899 3586 972 3647 edit
