2622 4168
471 378 507 426 D.
531 377 634 426 JUNII
656 377 863 429 auruncus

545 1135 710 1199 SATIRA
739 1133 781 1196 X.

164 1327 414 1472 OMNIBUS
434 1330 466 1391 in
480 1331 570 1391 terris
584 1349 663 1410 quac
678 1337 751 1390 sunt
765 1347 783 1388 a
797 1327 935 1389 Gadibus
949 1348 1046 1409 usqne

262 1427 414 1486 Auroram
429 1436 461 1486 et
475 1427 614 1506 Gangen,
629 1425 719 1506 pauci
735 1425 915 1506 dignoscere
929 1433 1059 1504 possunt

164 1522 248 1602 Vera
261 1523 344 1582 bona
359 1533 451 1602 atque
465 1523 525 1584 illis
539 1523 673 1586 multum
688 1523 818 1596 diversa,
833 1530 952 1582 remota

163 1618 285 1678 Erroris
299 1619 419 1678 nebula.
462 1619 546 1692 Quid
562 1620 645 1680 enim
659 1619 779 1680 ratione
795 1619 940 1679 timemus

164 1716 232 1774 Aut
246 1715 407 1794 cupimus?
428 1716 503 1795 qnid
519 1726 582 1777 tam
596 1717 708 1776 dextro
724 1716 803 1796 pede
820 1715 954 1796 concipis
969 1724 1005 1775 ut
1018 1723 1050 1775 te
1152 1728 1167 1774 u

165 1813 302 1873 conatus
316 1833 378 1872 non
393 1813 550 1891 poeniteat
565 1813 847 1894 votique'peraoti?

164 1909 314 1970 Evertere
329 1908 437 1969 domos
452 1918 534 1970 totas
549 1911 730 1991 optantibus
746 1910 820 1990 ipsis

164 2007 207 2066 Di
220 2006 324 2066 faciles
336 2026 345 2080 ;
365 2005 506 2066 nocitura
522 2013 605 2088 toga,
621 2007 762 2068 nocitura
776 2015 927 2087 petuntur

164 2102 295 2177 Militia3
315 2111 435 2163 torrens
451 2103 573 2163 dicendi
588 2104 676 2183 copia
692 2105 799 2165 multis

165 2198 208 2259 Et
223 2219 278 2258 sua
290 2199 448 2259 mortifera
462 2209 509 2260 est
523 2200 684 2275 facundia;
706 2201 824 2263 viribus
837 2201 890 2262 ille
1138 2216 1169 2261 10

167 2296 309 2357 Confisus
322 2295 414 2374 periit
429 2295 686 2376 admirandusque
702 2297 834 2358 lacertis.

167 2393 235 2453 Sed.
244 2393 346 2472 plures
359 2392 454 2452 nimia
468 2402 615 2472 congesta
631 2394 763 2472 pecnnia
778 2413 851 2455 cura

167 2489 356 2569 strangulat,
371 2497 403 2549 et
417 2499 529 2550 cuncta
543 2508 728 2568 exsuperans
746 2489 931 2571 patrimonia
944 2508 1053 2550 census

166 2586 293 2659 Quanto
307 2585 459 2665 delphinis
472 2585 601 2646 balaena
619 2586 800 2649 Britannica
813 2588 918 2667 major.

166 2681 369 2761 Temporibus
384 2682 458 2742 diris
471 2682 568 2761 igitur
580 2683 729 2764 jussuque
744 2683 878 2744 Neronis
1140 2700 1172 2746 15

166 2777 341 2858 Longinum
356 2788 387 2839 et
402 2797 532 2858 magnos
551 2779 686 2842 Senecae
701 2780 883 2860 praedivitis
895 2781 1001 2840 hortos

167 2875 285 2936 Clausit
300 2883 332 2934 et
347 2874 484 2954 egregias
503 2874 726 2937 Lateranorum
741 2877 863 2936 obsidet
878 2875 971 2936 aedes

166 2970 249 3031 Tota
263 2972 386 3032 cohors:
409 2991 495 3033 rarus
512 2973 645 3034 venitin
661 2974 827 3034 coenacula
840 2973 936 3032 miles.

166 3067 271 3128 Pauca
285 3067 357 3128 licet
371 3077 476 3148 portes
494 3069 615 3149 argenti
630 3071 755 3130 vascula
768 3069 846 3148 puri,

165 3163 268 3224 Nocte
282 3164 341 3224 iter
354 3165 513 3246 ingressus
528 3166 666 3246 gladium
681 3175 868 3245 contumque
882 3164 1005 3225 timebis
1141 3182 1174 3227 20

166 3261 208 3320 Et
222 3269 325 3320 motae
341 3261 379 3321 ad
395 3263 501 3322 lunam
516 3262 685 3342 trepidabis
700 3262 856 3322 arundinis
870 3261 1028 3320 umbram:

167 3357 313 3436 (lactabit
328 3377 443 3419 vacuus
458 3377 561 3419 coram
575 3359 694 3418 latrone
709 3358 819 3417 viator.

165 3453 271 3514 Prima
285 3455 348 3516 fere
362 3465 437 3517 vota
450 3464 482 3516 et
497 3455 616 3515 cunctis
629 3454 791 3514 notissima
806 3453 930 3532 templis

166 3533 312 3628 Divitiae,
327 3562 466 3614 crescant
480 3561 516 3612 ut
529 3570 612 3631 opes,
626 3559 662 3611 ut
676 3550 810 3610 maxima
823 3558 892 3610 toto
