2622 4168
510 395 645 444 SATIRA
667 397 704 443 X.

114 562 284 625 Praeterea
296 563 442 624 minimus
456 562 560 644 gelido
568 563 636 642 jam
650 563 682 623 in
697 582 823 642 corpore
838 564 964 645 sanguis

114 660 216 722 Febre
231 661 311 720 calet
326 661 407 734 sola3
428 659 605 720 circumsilit
621 659 741 738 agmine
755 660 838 720 facto

115 756 297 818 Morborum
312 777 403 817 omne
416 777 524 835 genus,
539 776 669 836 quorum
684 756 709 816 si
723 757 847 817 nomina
862 778 998 838 quaeras,

114 853 296 934 Promptius
311 853 474 933 expediam
489 863 565 933 quot
580 852 730 912 amaverit
744 852 860 933 Hippia
876 856 1030 930 moechos,
1070 869 1118 916 220

115 950 202 1022 Quot
215 949 384 1010 Themison
399 969 508 1030 aegros
522 960 671 1009 autumno
686 949 833 1010 occiderit
848 970 918 1024 uuo,

115 1046 203 1119 Quot
216 1045 338 1106 Basilus
353 1046 460 1120 socios,
475 1055 550 1126 quot
564 1045 834 1126 circumscripserit
848 1047 958 1108 Hirrus
1055 1071 1057 1076 ·

115 1143 265 1224 Pupillus,
281 1152 356 1222 quot
369 1143 464 1223 longa
478 1143 561 1202 viros
576 1144 737 1203 exsorbeat
752 1163 815 1204 uno

114 1240 225 1301 Maura
240 1240 299 1314 die,
314 1249 390 1319 quot
404 1239 569 1318 discipulos
584 1239 711 1299 inclinet
725 1239 899 1316 Hamillus3

114 1337 297 1398 Percurram
312 1337 403 1397 citius
418 1347 493 1416 quot
507 1336 596 1397 villas
609 1338 765 1416 possideat
779 1358 862 1397 nuuc

115 1435 187 1508 Quo
201 1435 351 1495 tondente
365 1435 469 1514 gravis
478 1435 588 1514 juveni
603 1435 678 1494 mihi
691 1435 786 1494 barba
800 1437 937 1497 sonabat.

114 1531 172 1593 Ille
186 1533 323 1606 humero,
337 1532 387 1592 hic
401 1531 523 1605 lumbis,
537 1531 589 1591 hic
603 1551 680 1591 coxa
694 1532 803 1592 debilis
809 1541 820 1608 ';
842 1534 948 1595 ambos

114 1629 258 1689 Perdidit
272 1628 323 1690 ille
339 1629 443 1689 oculos
458 1638 491 1688 et
504 1628 595 1688 luscis
609 1629 730 1690 invidet
738 1650 746 1705 ;
768 1630 858 1710 hujus

114 1726 237 1786 Pallida
249 1726 334 1786 labra
349 1725 451 1785 cibum
466 1725 619 1805 accipiunt
634 1726 739 1806 digitis
754 1727 868 1788 alienis.

114 1822 185 1904 Ipse
199 1823 238 1882 ad
254 1831 455 1903 conspectum
469 1842 583 1883 coenae
598 1823 742 1884 diducere
756 1824 868 1885 rictum

115 1921 229 1982 Suetus
242 1921 310 1981 hiat
322 1929 453 1996 tantum,
468 1941 524 1982 ceu
538 1921 640 2001 pullus
654 1921 827 1983 hirundinis
841 1924 881 1984 ad
896 1943 987 2005 quem

114 2018 176 2080 Ore
191 2021 276 2081 volat
290 2020 382 2101 pleno
395 2029 497 2081 mater
505 2019 622 2100 jejuna.
665 2020 727 2081 Sed
742 2021 826 2082 omni

112 2115 324 2179 Membrorum
339 2120 453 2180 damno
467 2120 565 2198 major
579 2119 744 2194 dementia,
759 2139 836 2199 quae
850 2139 908 2180 nec

112 2215 251 2277 Nomina
265 2237 422 2278 servorum
437 2236 494 2278 nec
508 2218 631 2277 vultum
645 2218 784 2298 agnoscit
799 2217 897 2292 amici,

113 2313 193 2374 Cum
208 2334 270 2394 quo
284 2315 450 2394 praeterita
465 2314 607 2374 coenavit
621 2324 722 2389 nocte,
736 2334 792 2375 nec
806 2315 875 2375 illos

113 2409 200 2482 Quos
214 2411 331 2491 genuit,
347 2431 422 2491 quos
437 2412 553 2471 eduxit.
595 2410 678 2471 Nam
695 2411 800 2472 codice
815 2431 908 2472 saevo

112 2507 253 2568 Heredes
266 2516 353 2568 vetat
368 2527 433 2569 esse
449 2528 537 2583 suos;
558 2508 640 2569 bona
654 2517 722 2568 tota
736 2508 893 2569 feruntur

110 2603 165 2664 Ad
180 2604 327 2665 Phialen:
347 2614 470 2666 tantum
485 2604 608 2666 artificis
622 2606 705 2666 valet
719 2605 833 2666 halitus
848 2604 916 2677 oris,

111 2700 206 2772 Quod
220 2709 350 2762 steterat
364 2702 470 2762 multis
484 2702 515 2760 in
531 2721 651 2762 carcere
665 2701 790 2761 fornicis
805 2701 901 2762 anuis.

111 2796 160 2858 Ut
174 2797 301 2878 vigeant
315 2817 421 2859 sensus
436 2797 538 2870 animi,
552 2798 694 2858 ducenda
707 2807 811 2859 tamen
826 2809 898 2858 srmt

110 2893 233 2954 Funera
247 2904 397 2968 natorum,
413 2915 505 2973 rogus
520 2894 712 2974 aspiciendus
727 2904 847 2955 amatae

111 2992 260 3072 Ooujugis
275 3001 307 3052 et
320 2991 422 3051 fratris
436 2992 605 3071 plenaeque
620 2985 774 3054 sororibus
787 3013 890 3054 urnae.

110 3087 199 3150 Haec
214 3089 287 3149 data
300 3108 401 3168 poena
415 3088 468 3148 din
483 3087 667 3162 viventibus,
682 3097 717 3149 ut
730 3100 880 3149 renovata

111 3185 240 3265 Semper
254 3185 341 3246 clade
356 3185 466 3245 domus
479 3183 585 3244 multis
599 3185 631 3245 in
645 3185 779 3246 luctibus
793 3186 887 3266 inque

109 3281 266 3362 Perpetuo
280 3301 418 3344 moerore
433 3290 466 3342 et
479 3281 568 3361 nigra
581 3291 668 3342 veste
683 3290 851 3342 senescant.

109 3378 180 3439 Rex
194 3377 310 3459 Pylius,
324 3398 438 3460 magno
452 3379 477 3440 si
492 3378 660 3459 quidquam
675 3379 773 3439 credis
786 3380 934 3455 Homer0‚

108 3474 298 3556 Exemplum
309 3475 393 3537 vitae
406 3476 466 3536 fuit
480 3495 499 3534 a
512 3476 633 3536 cornico
648 3475 809 3536 secundae.

109 3572 200 3633 Felix
214 3572 368 3649 nimirum,
384 3573 437 3655 qui
449 3580 500 3634 tot
514 3591 569 3654 per
582 3574 684 3634 secula
698 3584 831 3635 mortem
