2646 4170
521 423 657 474 sarum
677 424 755 473 XIV.

510 1179 673 1242 sarran
699 1179 796 1260 xiv,

214 1374 392 1438 LURIMA
405 1384 487 1450 sunt,
502 1375 643 1450 Fuscine,
657 1385 690 1436 et
703 1378 785 1436 fama
798 1375 893 1455 digna
906 1375 1029 1437 sinistra

241 1473 284 1535 Et
298 1473 406 1534 nitidis
419 1474 572 1534 maculam
585 1475 746 1534 haesuram
760 1473 888 1553 figentia
900 1473 1000 1547 rebus,

146 1571 233 1643 Quae
249 1580 423 1632 monstrant
436 1571 496 1651 ipsi
509 1570 612 1651 pueris
626 1571 814 1650 traduntque
828 1581 980 1649 parentes.

140 1667 181 1727 Si
195 1669 344 1728 damnosa
358 1688 463 1728 senem
479 1667 571 1748 juvat
586 1667 661 1742 alea,
675 1667 757 1728 ludit
771 1677 803 1726 et
816 1668 905 1726 heres

146 1764 294 1828 Bullatus
302 1784 460 1844 parvoque
475 1765 585 1824 eadem
599 1774 705 1825 movet
720 1783 804 1824 arma
818 1764 934 1823 fritillo.
1139 1777 1154 1823 a

147 1861 215 1922 Nec
229 1861 338 1921 melius
352 1861 391 1920 dc
406 1880 439 1921 se
454 1861 598 1941 cuiquam
612 1880 735 1941 sperare
749 1859 921 1940 propinquo

148 1958 307 2020 Concedet
322 1959 455 2038 juvenis,
470 1959 524 2038 qui
537 1959 646 2018 radere
661 1958 771 2017 tubera
785 1969 893 2030 terrae,

147 2054 294 2114 Boletum
309 2055 433 2115 condire
448 2064 480 2115 et
497 2055 607 2114 eodem
623 2055 694 2134 jure
709 2063 853 2114 natantes

146 2151 288 2232 Mergere
301 2151 448 2212 ficedulas
463 2152 574 2212 didicit
588 2151 741 2212 nebulone
755 2159 882 2230 parente

148 2249 190 2310 Et
205 2269 282 2308 cana
296 2259 488 2310 monstrante
502 2250 585 2328 gula.
628 2249 734 2320 Quum
748 2248 896 2328 septimus
911 2267 1009 2309 annus
1125 2262 1155 2309 10

147 2345 318 2406 Transieu't
331 2365 436 2424 puero,
450 2345 591 2406 nondum
606 2345 691 2405 omni
705 2346 800 2406 dente
814 2354 931 2420 renato,

148 2443 299 2504 Barbatoa
313 2444 385 2504 licet
399 2443 565 2503 admoveas
580 2443 664 2503 mille
679 2443 752 2502 inde
766 2442 938 2522 magistros,

149 2540 231 2600 Hinc
245 2540 386 2615 totidem,
401 2541 504 2621 cupiet
518 2543 604 2602 lauto
619 2560 749 2601 coenare
763 2550 874 2620 paratu

150 2637 277 2718 Semper
291 2646 324 2697 et
338 2658 356 2697 a
370 2657 483 2717 magua
497 2659 559 2698 non
575 2639 763 2718 degenerare
779 2637 890 2698 culina.

148 2735 260 2794 Mitem
274 2735 410 2794 animum
425 2743 457 2794 et
471 2756 572 2826 mores
586 2735 716 2796 modicis
731 2735 884 2796 erroribus
899 2755 1012 2816 aequos
1126 2751 1156 2798 15

149 2830 313 2911 Praecipit,
329 2843 421 2911 atquc
437 2832 554 2893 animas
570 2853 728 2896 servorum
743 2845 775 2894 ct
789 2854 917 2914 corpora
931 2843 1037 2895 nostra

149 2928 281 2988 Materia
295 2939 435 2989 constare
449 2941 540 3009 putat
554 2913 738 3012 paribusque
753 2932 921 3006 elementis,

149 3025 202 3082 An
217 3025 333 3084 saevire
348 3025 440 3086 docet
454 3025 589 3101 Rutilus,
606 3029 658 3108 qui
672 3029 790 3108 gaudet
805 3029 915 3090 acerbo

150 3121 317 3200 Plagarum
331 3115 462 3202 strepitu
478 3134 510 3186 et
524 3126 642 3186 nullam
658 3127 766 3187 Sirena
779 3129 909 3207 flagellis
979 3112 981 3114 ⁵

145 3218 325 3303 'Comparat
340 3220 530 3301 Antiphates
544 3224 655 3302 trepidi
672 3223 759 3285 Laris
774 3245 810 3286 ac
824 3225 1043 3304 Polyphemus,
1125 3240 1156 3284 20

149 3313 232 3372 Tum
245 3314 318 3375 felix
334 3319 455 3397 quoties
470 3319 578 3398 aliquis
593 3330 711 3380 tortore
725 3333 837 3383 vocato

151 3409 262 3472 Uritur
276 3414 397 3476 ardenti
411 3416 474 3476 duo
488 3426 614 3496 propter
628 3417 724 3478 lintea
738 3418 842 3478 ferro?

150 3507 234 3580 Quid
250 3511 359 3571 suadet
374 3511 484 3591 juveni
499 3512 597 3573 laetus
611 3513 743 3574 stridore
758 3523 895 3589 catenae,

150 3601 252 3675 Quem
267 3606 342 3667 mire
357 3607 494 3668 afficiunt
507 3606 654 3688 inscripta
668 3611 832 3690 ergastula,
847 3631 951 3673 carcer
