<?xml version="1.0" encoding="UTF-8"?>
<!DOCTYPE html PUBLIC "-//W3C//DTD XHTML 1.0 Transitional//EN"
    "http://www.w3.org/TR/xhtml1/DTD/xhtml1-transitional.dtd">
<html xmlns="http://www.w3.org/1999/xhtml" xml:lang="en" lang="en">
 <head>
  <title>
</title>
<meta http-equiv="Content-Type" content="text/html;charset=utf-8" />
  <meta name='ocr-system' content='tesseract 3.04.00' />
  <meta name='ocr-capabilities' content='ocr_page ocr_carea ocr_par ocr_line ocrx_word'/>
</head>
<body>
  <div class='ocr_page' id='page_1' title='image "./thirteensatires01hartgoog_0053.png"; bbox 0 0 2622 4168; ppageno 0'>
   <div class='ocr_carea' id='block_1_1' title="bbox 123 355 809 432">
    <p class='ocr_par' dir='ltr' id='par_1_1' title="bbox 123 355 809 432">
     <span class='ocr_line' id='line_1_1' title="bbox 123 355 809 432; baseline -0.003 0"><span class='ocrx_word' id='word_1_1' title='bbox 123 367 165 432; x_wconf 84' lang='lat'>34</span> <span class='ocrx_word' id='word_1_2' title='bbox 427 383 583 431; x_wconf 81' lang='lat' dir='ltr'>n..1unn</span> <span class='ocrx_word' id='word_1_3' title='bbox 603 355 809 431; x_wconf 67' lang='lat' dir='ltr'>cornutum</span> 
     </span>
    </p>
   </div>
   <div class='ocr_carea' id='block_1_2' title="bbox 119 548 1125 1116">
    <p class='ocr_par' dir='ltr' id='par_1_2' title="bbox 121 548 858 628">
     <span class='ocr_line' id='line_1_2' title="bbox 121 548 858 628; baseline -0.003 -18"><span class='ocrx_word' id='word_1_4' title='bbox 121 549 246 610; x_wconf 91' lang='lat' dir='ltr'>Occidit</span> <span class='ocrx_word' id='word_1_5' title='bbox 260 548 387 610; x_wconf 87' lang='lat' dir='ltr'>miseros</span> <span class='ocrx_word' id='word_1_6' title='bbox 403 549 524 608; x_wconf 78' lang='lat' dir='ltr'><strong>crambe</strong></span> <span class='ocrx_word' id='word_1_7' title='bbox 540 549 673 628; x_wconf 89' lang='lat' dir='ltr'>repetita</span> <span class='ocrx_word' id='word_1_8' title='bbox 686 549 858 628; x_wconf 87' lang='lat' dir='ltr'>magistros.</span> 
     </span>
    </p>

    <p class='ocr_par' dir='ltr' id='par_1_3' title="bbox 120 644 1124 823">
     <span class='ocr_line' id='line_1_3' title="bbox 121 644 1124 726; baseline 0.001 -20"><span class='ocrx_word' id='word_1_9' title='bbox 121 647 198 720; x_wconf 83' lang='lat' dir='ltr'>Quis</span> <span class='ocrx_word' id='word_1_10' title='bbox 213 647 298 708; x_wconf 89' lang='lat' dir='ltr'>color</span> <span class='ocrx_word' id='word_1_11' title='bbox 313 656 345 707; x_wconf 87' lang='lat' dir='ltr'>et</span> <span class='ocrx_word' id='word_1_12' title='bbox 360 645 443 725; x_wconf 92' lang='lat' dir='ltr'>quod</span> <span class='ocrx_word' id='word_1_13' title='bbox 458 646 498 706; x_wconf 90' lang='lat' dir='ltr'>sit</span> <span class='ocrx_word' id='word_1_14' title='bbox 512 665 621 706; x_wconf 90' lang='lat' dir='ltr'>causae</span> <span class='ocrx_word' id='word_1_15' title='bbox 636 665 735 726; x_wconf 89' lang='lat' dir='ltr'>genus</span> <span class='ocrx_word' id='word_1_16' title='bbox 750 656 842 725; x_wconf 88' lang='lat' dir='ltr'>atque</span> <span class='ocrx_word' id='word_1_17' title='bbox 856 644 909 706; x_wconf 91' lang='lat' dir='ltr'>ubi</span> <span class='ocrx_word' id='word_1_18' title='bbox 924 665 1043 706; x_wconf 89' lang='lat' dir='ltr'>summa</span> <span class='ocrx_word' id='word_1_19' title='bbox 1079 661 1124 708; x_wconf 72' lang='lat'>155</span> 
     </span>
     <span class='ocr_line' id='line_1_4' title="bbox 120 742 906 823; baseline -0.003 -19"><span class='ocrx_word' id='word_1_20' title='bbox 120 744 278 818; x_wconf 78' lang='lat' dir='ltr'>Quaestio,</span> <span class='ocrx_word' id='word_1_21' title='bbox 295 763 373 822; x_wconf 89' lang='lat' dir='ltr'>quae</span> <span class='ocrx_word' id='word_1_22' title='bbox 388 743 514 803; x_wconf 89' lang='lat' dir='ltr'>veniant</span> <span class='ocrx_word' id='word_1_23' title='bbox 530 743 651 802; x_wconf 89' lang='lat' dir='ltr'>diversa</span> <span class='ocrx_word' id='word_1_24' title='bbox 664 752 752 822; x_wconf 85' lang='lat' dir='ltr'>parte</span> <span class='ocrx_word' id='word_1_25' title='bbox 767 742 906 823; x_wconf 74' lang='lat' dir='ltr'>sagittae,</span> 
     </span>
    </p>

    <p class='ocr_par' dir='ltr' id='par_1_4' title="bbox 119 839 899 914">
     <span class='ocr_line' id='line_1_5' title="bbox 119 839 899 914; baseline -0.003 -14"><span class='ocrx_word' id='word_1_26' title='bbox 119 841 220 902; x_wconf 80' lang='lat' dir='ltr'>Nosse</span> <span class='ocrx_word' id='word_1_27' title='bbox 235 841 332 902; x_wconf 85' lang='lat' dir='ltr'>velint</span> <span class='ocrx_word' id='word_1_28' title='bbox 348 859 462 914; x_wconf 90' lang='lat' dir='ltr'>omnes,</span> <span class='ocrx_word' id='word_1_29' title='bbox 479 839 653 900; x_wconf 80' lang='lat' dir='ltr'>mercedem</span> <span class='ocrx_word' id='word_1_30' title='bbox 667 840 785 900; x_wconf 89' lang='lat' dir='ltr'>solvere</span> <span class='ocrx_word' id='word_1_31' title='bbox 800 860 899 900; x_wconf 89' lang='lat' dir='ltr'>nemo.</span> 
     </span>
    </p>

    <p class='ocr_par' dir='ltr' id='par_1_5' title="bbox 120 935 1125 1116">
     <span class='ocr_line' id='line_1_6' title="bbox 120 935 1125 1018; baseline 0 -20"><span class='ocrx_word' id='word_1_32' title='bbox 120 938 322 998; x_wconf 84' lang='lat' dir='ltr'>“Mercedem</span> <span class='ocrx_word' id='word_1_33' title='bbox 338 937 497 1018; x_wconf 80' lang='lat' dir='ltr'>appellas?</span> <span class='ocrx_word' id='word_1_34' title='bbox 519 935 594 1016; x_wconf 88' lang='lat' dir='ltr'>quid</span> <span class='ocrx_word' id='word_1_35' title='bbox 609 937 692 997; x_wconf 90' lang='lat' dir='ltr'>enim</span> <span class='ocrx_word' id='word_1_36' title='bbox 706 937 769 997; x_wconf 84' lang='lat' dir='ltr'>seio</span> <span class='ocrx_word' id='word_1_37' title='bbox 779 937 794 996; x_wconf 73' lang='lat' dir='ltr'>&#39;l</span> <span class='ocrx_word' id='word_1_38' title='bbox 804 936 820 964; x_wconf 92' lang='lat'>’&#39;</span> <span class='ocrx_word' id='word_1_39' title='bbox 847 942 865 972; x_wconf 90' lang='lat'>“</span> <span class='ocrx_word' id='word_1_40' title='bbox 877 937 976 1016; x_wconf 79' lang='lat' dir='ltr'>Culpa</span> <span class='ocrx_word' id='word_1_41' title='bbox 986 937 1125 998; x_wconf 86' lang='lat' dir='ltr'>docentis</span> 
     </span>
     <span class='ocr_line' id='line_1_7' title="bbox 121 1034 915 1116; baseline -0.001 -21"><span class='ocrx_word' id='word_1_42' title='bbox 121 1035 245 1096; x_wconf 85' lang='lat' dir='ltr'>Scilicet</span> <span class='ocrx_word' id='word_1_43' title='bbox 259 1035 398 1116; x_wconf 81' lang='lat' dir='ltr'>arguitur</span> <span class='ocrx_word' id='word_1_44' title='bbox 414 1034 496 1114; x_wconf 93' lang='lat' dir='ltr'>quod</span> <span class='ocrx_word' id='word_1_45' title='bbox 513 1035 601 1096; x_wconf 90' lang='lat' dir='ltr'>laeva</span> <span class='ocrx_word' id='word_1_46' title='bbox 615 1034 647 1094; x_wconf 90' lang='lat' dir='ltr'>in</span> <span class='ocrx_word' id='word_1_47' title='bbox 660 1044 748 1114; x_wconf 88' lang='lat' dir='ltr'>parte</span> <span class='ocrx_word' id='word_1_48' title='bbox 762 1034 915 1095; x_wconf 88' lang='lat' dir='ltr'>mamillae</span> 
     </span>
    </p>
   </div>
   <div class='ocr_carea' id='block_1_3' title="bbox 119 1132 1124 1794">
    <p class='ocr_par' dir='ltr' id='par_1_6' title="bbox 120 1132 1124 1406">
     <span class='ocr_line' id='line_1_8' title="bbox 120 1132 1124 1212; baseline 0.001 -20"><span class='ocrx_word' id='word_1_49' title='bbox 120 1132 177 1192; x_wconf 81' lang='lat' dir='ltr'>Nil</span> <span class='ocrx_word' id='word_1_50' title='bbox 189 1133 259 1194; x_wconf 89' lang='lat' dir='ltr'>salit</span> <span class='ocrx_word' id='word_1_51' title='bbox 272 1132 408 1192; x_wconf 86' lang='lat' dir='ltr'>Arcadio</span> <span class='ocrx_word' id='word_1_52' title='bbox 419 1132 538 1212; x_wconf 88' lang='lat' dir='ltr'>juveni,</span> <span class='ocrx_word' id='word_1_53' title='bbox 555 1132 641 1211; x_wconf 88' lang='lat' dir='ltr'>cujus</span> <span class='ocrx_word' id='word_1_54' title='bbox 655 1132 730 1192; x_wconf 91' lang='lat' dir='ltr'>mihi</span> <span class='ocrx_word' id='word_1_55' title='bbox 745 1141 832 1192; x_wconf 84' lang='lat' dir='ltr'>sexta</span> <span class='ocrx_word' id='word_1_56' title='bbox 1052 1169 1056 1174; x_wconf 93' lang='lat'><em>-</em></span> <span class='ocrx_word' id='word_1_57' title='bbox 1078 1147 1124 1193; x_wconf 78' lang='lat'>100</span> 
     </span>
     <span class='ocr_line' id='line_1_9' title="bbox 120 1228 995 1309; baseline 0 -21"><span class='ocrx_word' id='word_1_58' title='bbox 120 1229 250 1309; x_wconf 78' lang='lat' dir='ltr'>Quaque</span> <span class='ocrx_word' id='word_1_59' title='bbox 265 1229 315 1289; x_wconf 90' lang='lat' dir='ltr'>die</span> <span class='ocrx_word' id='word_1_60' title='bbox 330 1229 476 1290; x_wconf 89' lang='lat' dir='ltr'>miserum</span> <span class='ocrx_word' id='word_1_61' title='bbox 492 1229 575 1288; x_wconf 88' lang='lat' dir='ltr'>dirus</span> <span class='ocrx_word' id='word_1_62' title='bbox 591 1237 684 1307; x_wconf 90' lang='lat' dir='ltr'>caput</span> <span class='ocrx_word' id='word_1_63' title='bbox 699 1228 856 1305; x_wconf 83' lang='lat' dir='ltr'>Hannibal</span> <span class='ocrx_word' id='word_1_64' title='bbox 868 1228 978 1308; x_wconf 82' lang='lat' dir='ltr'>implet</span> <span class='ocrx_word' id='word_1_65' title='bbox 987 1248 995 1302; x_wconf 94' lang='lat'>;</span> 
     </span>
     <span class='ocr_line' id='line_1_10' title="bbox 120 1323 985 1406; baseline -0.001 -20"><span class='ocrx_word' id='word_1_66' title='bbox 120 1323 279 1406; x_wconf 79' lang='lat' dir='ltr'>Quidquid</span> <span class='ocrx_word' id='word_1_67' title='bbox 294 1327 389 1387; x_wconf 89' lang='lat' dir='ltr'>idest</span> <span class='ocrx_word' id='word_1_68' title='bbox 405 1327 443 1386; x_wconf 90' lang='lat' dir='ltr'>de</span> <span class='ocrx_word' id='word_1_69' title='bbox 459 1346 520 1406; x_wconf 92' lang='lat' dir='ltr'>quo</span> <span class='ocrx_word' id='word_1_70' title='bbox 537 1327 696 1400; x_wconf 89' lang='lat' dir='ltr'>deliberat,</span> <span class='ocrx_word' id='word_1_71' title='bbox 712 1345 749 1386; x_wconf 89' lang='lat' dir='ltr'>an</span> <span class='ocrx_word' id='word_1_72' title='bbox 765 1335 853 1404; x_wconf 89' lang='lat' dir='ltr'>petat</span> <span class='ocrx_word' id='word_1_73' title='bbox 866 1325 985 1388; x_wconf 89' lang='lat' dir='ltr'>Urbem</span> 
     </span>
    </p>

    <p class='ocr_par' dir='ltr' id='par_1_7' title="bbox 119 1421 875 1501">
     <span class='ocr_line' id='line_1_11' title="bbox 119 1421 875 1501; baseline 0.001 -20"><span class='ocrx_word' id='word_1_74' title='bbox 119 1423 151 1481; x_wconf 94' lang='lat' dir='ltr'><strong>A</strong></span> <span class='ocrx_word' id='word_1_75' title='bbox 165 1423 287 1496; x_wconf 78' lang='lat' dir='ltr'>Cannis,</span> <span class='ocrx_word' id='word_1_76' title='bbox 302 1441 341 1482; x_wconf 87' lang='lat' dir='ltr'>an</span> <span class='ocrx_word' id='word_1_77' title='bbox 356 1431 426 1501; x_wconf 93' lang='lat' dir='ltr'>post</span> <span class='ocrx_word' id='word_1_78' title='bbox 441 1421 563 1482; x_wconf 82' lang='lat' dir='ltr'>nimbos</span> <span class='ocrx_word' id='word_1_79' title='bbox 578 1431 611 1481; x_wconf 89' lang='lat' dir='ltr'>et</span> <span class='ocrx_word' id='word_1_80' title='bbox 624 1421 753 1481; x_wconf 87' lang='lat' dir='ltr'>fulmina</span> <span class='ocrx_word' id='word_1_81' title='bbox 767 1431 875 1482; x_wconf 89' lang='lat' dir='ltr'>cautus</span> 
     </span>
    </p>

    <p class='ocr_par' dir='ltr' id='par_1_8' title="bbox 120 1518 870 1598">
     <span class='ocr_line' id='line_1_12' title="bbox 120 1518 870 1598; baseline -0.004 -17"><span class='ocrx_word' id='word_1_82' title='bbox 120 1519 317 1598; x_wconf 80' lang='lat' dir='ltr'>Circumagat</span> <span class='ocrx_word' id='word_1_83' title='bbox 331 1518 471 1578; x_wconf 85' lang='lat' dir='ltr'>madidas</span> <span class='ocrx_word' id='word_1_84' title='bbox 487 1537 504 1577; x_wconf 89' lang='lat' dir='ltr'>a</span> <span class='ocrx_word' id='word_1_85' title='bbox 519 1526 705 1597; x_wconf 85' lang='lat' dir='ltr'>tempestate</span> <span class='ocrx_word' id='word_1_86' title='bbox 720 1519 870 1578; x_wconf 85' lang='lat' dir='ltr'>cobortes.</span> 
     </span>
    </p>

    <p class='ocr_par' dir='ltr' id='par_1_9' title="bbox 119 1613 1123 1794">
     <span class='ocr_line' id='line_1_13' title="bbox 120 1613 1123 1695; baseline 0.005 -23"><span class='ocrx_word' id='word_1_87' title='bbox 120 1613 279 1686; x_wconf 83' lang='lat' dir='ltr'>Quantum</span> <span class='ocrx_word' id='word_1_88' title='bbox 294 1615 339 1674; x_wconf 91' lang='lat' dir='ltr'>vis</span> <span class='ocrx_word' id='word_1_89' title='bbox 355 1614 502 1692; x_wconf 86' lang='lat' dir='ltr'>stipulare</span> <span class='ocrx_word' id='word_1_90' title='bbox 518 1623 550 1674; x_wconf 90' lang='lat' dir='ltr'>et</span> <span class='ocrx_word' id='word_1_91' title='bbox 564 1615 705 1692; x_wconf 87' lang='lat' dir='ltr'>protinus</span> <span class='ocrx_word' id='word_1_92' title='bbox 721 1614 823 1694; x_wconf 80' lang='lat' dir='ltr'>accipe</span> <span class='ocrx_word' id='word_1_93' title='bbox 839 1615 920 1695; x_wconf 88' lang='lat' dir='ltr'>quod</span> <span class='ocrx_word' id='word_1_94' title='bbox 936 1615 976 1675; x_wconf 90' lang='lat' dir='ltr'>do</span> <span class='ocrx_word' id='word_1_95' title='bbox 1076 1630 1123 1678; x_wconf 83' lang='lat'>165</span> 
     </span>
     <span class='ocr_line' id='line_1_14' title="bbox 119 1697 890 1794; baseline 0 -22"><span class='ocrx_word' id='word_1_96' title='bbox 119 1710 167 1772; x_wconf 88' lang='lat' dir='ltr'>Ut</span> <span class='ocrx_word' id='word_1_97' title='bbox 181 1711 274 1771; x_wconf 90' lang='lat' dir='ltr'>toties</span> <span class='ocrx_word' id='word_1_98' title='bbox 288 1711 374 1771; x_wconf 90' lang='lat' dir='ltr'>illum</span> <span class='ocrx_word' id='word_1_99' title='bbox 390 1721 479 1791; x_wconf 90' lang='lat' dir='ltr'>pater</span> <span class='ocrx_word' id='word_1_100' title='bbox 494 1710 625 1770; x_wconf 88' lang='lat' dir='ltr'>audiat.&#39;’</span> <span class='ocrx_word' id='word_1_101' title='bbox 669 1711 756 1794; x_wconf 85' lang='lat' dir='ltr'>Haec</span> <span class='ocrx_word' id='word_1_102' title='bbox 771 1712 822 1771; x_wconf 89' lang='lat' dir='ltr'>alii</span> <span class='ocrx_word' id='word_1_103' title='bbox 837 1697 890 1772; x_wconf 81' lang='lat' dir='ltr'>seir</span> 
     </span>
    </p>
   </div>
   <div class='ocr_carea' id='block_1_4' title="bbox 115 1806 1122 2663">
    <p class='ocr_par' dir='ltr' id='par_1_10' title="bbox 118 1806 842 1887">
     <span class='ocr_line' id='line_1_15' title="bbox 118 1806 842 1887; baseline 0 -20"><span class='ocrx_word' id='word_1_104' title='bbox 118 1806 181 1867; x_wconf 88' lang='lat' dir='ltr'>Vel</span> <span class='ocrx_word' id='word_1_105' title='bbox 195 1809 296 1887; x_wconf 88' lang='lat' dir='ltr'>plures</span> <span class='ocrx_word' id='word_1_106' title='bbox 312 1828 374 1868; x_wconf 92' lang='lat' dir='ltr'>uno</span> <span class='ocrx_word' id='word_1_107' title='bbox 390 1808 586 1869; x_wconf 87' lang='lat' dir='ltr'>conclamant</span> <span class='ocrx_word' id='word_1_108' title='bbox 601 1828 653 1868; x_wconf 90' lang='lat' dir='ltr'>ore</span> <span class='ocrx_word' id='word_1_109' title='bbox 671 1808 842 1887; x_wconf 84' lang='lat' dir='ltr'>Sophistae‚</span> 
     </span>
    </p>

    <p class='ocr_par' dir='ltr' id='par_1_11' title="bbox 118 1903 763 1983">
     <span class='ocr_line' id='line_1_16' title="bbox 118 1903 763 1983; baseline 0.003 -21"><span class='ocrx_word' id='word_1_110' title='bbox 118 1903 161 1964; x_wconf 85' lang='lat' dir='ltr'>Et</span> <span class='ocrx_word' id='word_1_111' title='bbox 174 1923 263 1964; x_wconf 87' lang='lat' dir='ltr'>veras</span> <span class='ocrx_word' id='word_1_112' title='bbox 278 1905 397 1983; x_wconf 88' lang='lat' dir='ltr'>agitant</span> <span class='ocrx_word' id='word_1_113' title='bbox 413 1905 483 1965; x_wconf 89' lang='lat' dir='ltr'>lites</span> <span class='ocrx_word' id='word_1_114' title='bbox 498 1913 622 1983; x_wconf 89' lang='lat' dir='ltr'>raptore</span> <span class='ocrx_word' id='word_1_115' title='bbox 637 1905 763 1980; x_wconf 87' lang='lat' dir='ltr'>relicto;</span> 
     </span>
    </p>

    <p class='ocr_par' dir='ltr' id='par_1_12' title="bbox 118 1999 930 2082">
     <span class='ocr_line' id='line_1_17' title="bbox 118 1999 930 2082; baseline 0.001 -22"><span class='ocrx_word' id='word_1_116' title='bbox 118 1999 201 2060; x_wconf 84' lang='lat' dir='ltr'>Fusa</span> <span class='ocrx_word' id='word_1_117' title='bbox 213 2020 334 2060; x_wconf 88' lang='lat' dir='ltr'>venena</span> <span class='ocrx_word' id='word_1_118' title='bbox 349 2001 449 2076; x_wconf 79' lang='lat' dir='ltr'>silent,</span> <span class='ocrx_word' id='word_1_119' title='bbox 466 2002 564 2074; x_wconf 84' lang='lat' dir='ltr'>malus</span> <span class='ocrx_word' id='word_1_120' title='bbox 578 2000 779 2082; x_wconf 87' lang='lat' dir='ltr'>ingratusque</span> <span class='ocrx_word' id='word_1_121' title='bbox 793 2001 930 2076; x_wconf 89' lang='lat' dir='ltr'>maritus,</span> 
     </span>
    </p>

    <p class='ocr_par' dir='ltr' id='par_1_13' title="bbox 117 2095 1122 2274">
     <span class='ocr_line' id='line_1_18' title="bbox 117 2095 1122 2177; baseline 0.006 -23"><span class='ocrx_word' id='word_1_122' title='bbox 117 2095 161 2157; x_wconf 89' lang='lat' dir='ltr'>Et</span> <span class='ocrx_word' id='word_1_123' title='bbox 175 2117 253 2177; x_wconf 88' lang='lat' dir='ltr'>quae</span> <span class='ocrx_word' id='word_1_124' title='bbox 263 2097 329 2176; x_wconf 87' lang='lat' dir='ltr'>jam</span> <span class='ocrx_word' id='word_1_125' title='bbox 343 2106 464 2158; x_wconf 86' lang='lat' dir='ltr'>veteres</span> <span class='ocrx_word' id='word_1_126' title='bbox 480 2107 591 2158; x_wconf 87' lang='lat' dir='ltr'>sanant</span> <span class='ocrx_word' id='word_1_127' title='bbox 604 2099 751 2159; x_wconf 86' lang='lat' dir='ltr'>mortaria</span> <span class='ocrx_word' id='word_1_128' title='bbox 766 2118 880 2160; x_wconf 87' lang='lat' dir='ltr'>caecos.</span> <span class='ocrx_word' id='word_1_129' title='bbox 1075 2114 1122 2160; x_wconf 78' lang='lat'>170</span> 
     </span>
     <span class='ocr_line' id='line_1_19' title="bbox 117 2193 933 2274; baseline 0.004 -21"><span class='ocrx_word' id='word_1_130' title='bbox 117 2193 202 2273; x_wconf 86' lang='lat' dir='ltr'>Ergo</span> <span class='ocrx_word' id='word_1_131' title='bbox 217 2193 274 2254; x_wconf 89' lang='lat' dir='ltr'>sibi</span> <span class='ocrx_word' id='word_1_132' title='bbox 289 2195 375 2255; x_wconf 87' lang='lat' dir='ltr'>dabit</span> <span class='ocrx_word' id='word_1_133' title='bbox 390 2194 455 2274; x_wconf 90' lang='lat' dir='ltr'>ipse</span> <span class='ocrx_word' id='word_1_134' title='bbox 471 2195 580 2254; x_wconf 87' lang='lat' dir='ltr'>rudem</span> <span class='ocrx_word' id='word_1_135' title='bbox 595 2195 621 2255; x_wconf 94' lang='lat' dir='ltr'>si</span> <span class='ocrx_word' id='word_1_136' title='bbox 636 2204 741 2256; x_wconf 89' lang='lat' dir='ltr'>nostra</span> <span class='ocrx_word' id='word_1_137' title='bbox 755 2197 933 2272; x_wconf 61' lang='lat' dir='ltr'>movebunt,</span> 
     </span>
    </p>

    <p class='ocr_par' dir='ltr' id='par_1_14' title="bbox 118 2289 864 2372">
     <span class='ocr_line' id='line_1_20' title="bbox 118 2289 864 2372; baseline 0.001 -21"><span class='ocrx_word' id='word_1_138' title='bbox 118 2289 260 2363; x_wconf 79' lang='lat' dir='ltr'>Consilia,</span> <span class='ocrx_word' id='word_1_139' title='bbox 275 2299 308 2350; x_wconf 95' lang='lat' dir='ltr'>et</span> <span class='ocrx_word' id='word_1_140' title='bbox 322 2290 404 2351; x_wconf 90' lang='lat' dir='ltr'>vitae</span> <span class='ocrx_word' id='word_1_141' title='bbox 420 2291 577 2351; x_wconf 86' lang='lat' dir='ltr'>diversum</span> <span class='ocrx_word' id='word_1_142' title='bbox 591 2291 650 2351; x_wconf 88' lang='lat' dir='ltr'>iter</span> <span class='ocrx_word' id='word_1_143' title='bbox 665 2291 864 2372; x_wconf 89' lang='lat' dir='ltr'>ingredietur,</span> 
     </span>
    </p>

    <p class='ocr_par' dir='ltr' id='par_1_15' title="bbox 115 2387 914 2468">
     <span class='ocr_line' id='line_1_21' title="bbox 115 2387 914 2468; baseline 0.004 -23"><span class='ocrx_word' id='word_1_144' title='bbox 115 2387 169 2445; x_wconf 90' lang='lat' dir='ltr'>Ad</span> <span class='ocrx_word' id='word_1_145' title='bbox 180 2407 319 2466; x_wconf 86' lang='lat' dir='ltr'>pugnam</span> <span class='ocrx_word' id='word_1_146' title='bbox 333 2388 386 2468; x_wconf 92' lang='lat' dir='ltr'>qui</span> <span class='ocrx_word' id='word_1_147' title='bbox 400 2389 553 2449; x_wconf 89' lang='lat' dir='ltr'>rhetorica</span> <span class='ocrx_word' id='word_1_148' title='bbox 570 2389 731 2450; x_wconf 86' lang='lat' dir='ltr'>descendit</span> <span class='ocrx_word' id='word_1_149' title='bbox 746 2390 784 2449; x_wconf 91' lang='lat' dir='ltr'>ab</span> <span class='ocrx_word' id='word_1_150' title='bbox 798 2389 914 2464; x_wconf 88' lang='lat' dir='ltr'>umbra,</span> 
     </span>
    </p>

    <p class='ocr_par' dir='ltr' id='par_1_16' title="bbox 118 2483 843 2564">
     <span class='ocr_line' id='line_1_22' title="bbox 118 2483 843 2564; baseline 0.006 -22"><span class='ocrx_word' id='word_1_151' title='bbox 118 2483 277 2543; x_wconf 83' lang='lat' dir='ltr'>Summula</span> <span class='ocrx_word' id='word_1_152' title='bbox 291 2504 329 2544; x_wconf 91' lang='lat' dir='ltr'>ne</span> <span class='ocrx_word' id='word_1_153' title='bbox 343 2495 450 2564; x_wconf 89' lang='lat' dir='ltr'>pereat</span> <span class='ocrx_word' id='word_1_154' title='bbox 467 2505 527 2564; x_wconf 89' lang='lat' dir='ltr'>qua</span> <span class='ocrx_word' id='word_1_155' title='bbox 544 2485 612 2546; x_wconf 82' lang='lat' dir='ltr'>vilis</span> <span class='ocrx_word' id='word_1_156' title='bbox 628 2496 743 2547; x_wconf 87' lang='lat' dir='ltr'>tessera</span> <span class='ocrx_word' id='word_1_157' title='bbox 757 2486 843 2546; x_wconf 91' lang='lat' dir='ltr'>venit</span> 
     </span>
    </p>

    <p class='ocr_par' dir='ltr' id='par_1_17' title="bbox 116 2580 1121 2663">
     <span class='ocr_line' id='line_1_23' title="bbox 116 2580 1121 2663; baseline 0.006 -24"><span class='ocrx_word' id='word_1_158' title='bbox 116 2580 294 2642; x_wconf 80' lang='lat' dir='ltr'>Frumenti:</span> <span class='ocrx_word' id='word_1_159' title='bbox 315 2582 428 2662; x_wconf 87' lang='lat' dir='ltr'>quippe</span> <span class='ocrx_word' id='word_1_160' title='bbox 446 2583 522 2642; x_wconf 92' lang='lat' dir='ltr'>haec</span> <span class='ocrx_word' id='word_1_161' title='bbox 538 2603 655 2643; x_wconf 87' lang='lat' dir='ltr'>merces</span> <span class='ocrx_word' id='word_1_162' title='bbox 669 2583 847 2643; x_wconf 88' lang='lat' dir='ltr'>lautissima.</span> <span class='ocrx_word' id='word_1_163' title='bbox 887 2582 1020 2663; x_wconf 81' lang='lat' dir='ltr'>Tempta</span> <span class='ocrx_word' id='word_1_164' title='bbox 1075 2598 1121 2645; x_wconf 80' lang='lat'>175</span> 
     </span>
    </p>
   </div>
   <div class='ocr_carea' id='block_1_5' title="bbox 27 2677 892 2760">
    <p class='ocr_par' dir='ltr' id='par_1_18' title="bbox 27 2677 892 2760">
     <span class='ocr_line' id='line_1_24' title="bbox 27 2677 892 2760; baseline 0.003 -22"><span class='ocrx_word' id='word_1_165' title='bbox 27 2693 29 2698; x_wconf 63' lang='lat'>‘</span> <span class='ocrx_word' id='word_1_166' title='bbox 116 2677 335 2758; x_wconf 81' lang='lat' dir='ltr'>Chrysogonus</span> <span class='ocrx_word' id='word_1_167' title='bbox 350 2680 458 2758; x_wconf 88' lang='lat' dir='ltr'>quanti</span> <span class='ocrx_word' id='word_1_168' title='bbox 476 2681 587 2743; x_wconf 90' lang='lat' dir='ltr'>doceat</span> <span class='ocrx_word' id='word_1_169' title='bbox 603 2682 654 2740; x_wconf 79' lang='lat' dir='ltr'>vel</span> <span class='ocrx_word' id='word_1_170' title='bbox 668 2679 770 2740; x_wconf 90' lang='lat' dir='ltr'>Pollio</span> <span class='ocrx_word' id='word_1_171' title='bbox 784 2681 892 2760; x_wconf 90' lang='lat' dir='ltr'>quanti</span> 
     </span>
    </p>
   </div>
   <div class='ocr_carea' id='block_1_6' title="bbox 25 2772 1119 3634">
    <p class='ocr_par' dir='ltr' id='par_1_19' title="bbox 115 2772 873 2854">
     <span class='ocr_line' id='line_1_25' title="bbox 115 2772 873 2854; baseline 0.004 -21"><span class='ocrx_word' id='word_1_172' title='bbox 115 2772 285 2834; x_wconf 86' lang='lat' dir='ltr'>Lautorum</span> <span class='ocrx_word' id='word_1_173' title='bbox 299 2795 417 2854; x_wconf 89' lang='lat' dir='ltr'>pueros,</span> <span class='ocrx_word' id='word_1_174' title='bbox 436 2787 534 2838; x_wconf 90' lang='lat' dir='ltr'>artem</span> <span class='ocrx_word' id='word_1_175' title='bbox 547 2779 694 2840; x_wconf 87' lang='lat' dir='ltr'>scindens</span> <span class='ocrx_word' id='word_1_176' title='bbox 708 2778 873 2840; x_wconf 89' lang='lat' dir='ltr'>Theodori.</span> 
     </span>
    </p>

    <p class='ocr_par' dir='ltr' id='par_1_20' title="bbox 115 2869 830 2955">
     <span class='ocr_line' id='line_1_26' title="bbox 115 2869 830 2955; baseline 0.013 -27"><span class='ocrx_word' id='word_1_177' title='bbox 115 2869 232 2930; x_wconf 88' lang='lat' dir='ltr'>Balnea</span> <span class='ocrx_word' id='word_1_178' title='bbox 245 2873 397 2932; x_wconf 86' lang='lat' dir='ltr'>sexcentis</span> <span class='ocrx_word' id='word_1_179' title='bbox 414 2881 445 2932; x_wconf 87' lang='lat' dir='ltr'>et</span> <span class='ocrx_word' id='word_1_180' title='bbox 460 2874 556 2953; x_wconf 88' lang='lat' dir='ltr'>pluris</span> <span class='ocrx_word' id='word_1_181' title='bbox 571 2876 709 2954; x_wconf 89' lang='lat' dir='ltr'>porticus</span> <span class='ocrx_word' id='word_1_182' title='bbox 721 2877 755 2936; x_wconf 93' lang='lat' dir='ltr'>in</span> <span class='ocrx_word' id='word_1_183' title='bbox 769 2896 830 2955; x_wconf 89' lang='lat' dir='ltr'>qna</span> 
     </span>
    </p>

    <p class='ocr_par' dir='ltr' id='par_1_21' title="bbox 115 2967 1119 3344">
     <span class='ocr_line' id='line_1_27' title="bbox 116 2967 948 3053; baseline 0.008 -28"><span class='ocrx_word' id='word_1_184' title='bbox 116 2967 263 3028; x_wconf 83' lang='lat' dir='ltr'>Gestatur</span> <span class='ocrx_word' id='word_1_185' title='bbox 277 2968 418 3030; x_wconf 89' lang='lat' dir='ltr'>dominus</span> <span class='ocrx_word' id='word_1_186' title='bbox 436 2972 557 3051; x_wconf 89' lang='lat' dir='ltr'>quoties</span> <span class='ocrx_word' id='word_1_187' title='bbox 571 2973 659 3053; x_wconf 88' lang='lat' dir='ltr'>pluit.</span> <span class='ocrx_word' id='word_1_188' title='bbox 699 2974 793 3034; x_wconf 91' lang='lat' dir='ltr'>Anne</span> <span class='ocrx_word' id='word_1_189' title='bbox 808 2993 948 3034; x_wconf 88' lang='lat' dir='ltr'>serenum</span> 
     </span>
     <span class='ocr_line' id='line_1_28' title="bbox 115 3062 1119 3151; baseline 0.009 -30"><span class='ocrx_word' id='word_1_190' title='bbox 115 3062 284 3142; x_wconf 81' lang='lat' dir='ltr'>Exspectat</span> <span class='ocrx_word' id='word_1_191' title='bbox 298 3078 482 3149; x_wconf 85' lang='lat' dir='ltr'>spargatque</span> <span class='ocrx_word' id='word_1_192' title='bbox 499 3071 566 3131; x_wconf 93' lang='lat' dir='ltr'>luto</span> <span class='ocrx_word' id='word_1_193' title='bbox 576 3070 721 3151; x_wconf 91' lang='lat' dir='ltr'>jumenta</span> <span class='ocrx_word' id='word_1_194' title='bbox 734 3070 870 3131; x_wconf 84' lang='lat' dir='ltr'>recenti?</span> <span class='ocrx_word' id='word_1_195' title='bbox 1073 3084 1119 3130; x_wconf 85' lang='lat'>180</span> 
     </span>
     <span class='ocr_line' id='line_1_29' title="bbox 116 3158 1012 3248; baseline 0.013 -32"><span class='ocrx_word' id='word_1_196' title='bbox 116 3158 176 3218; x_wconf 90' lang='lat' dir='ltr'>Hic</span> <span class='ocrx_word' id='word_1_197' title='bbox 190 3161 300 3240; x_wconf 89' lang='lat' dir='ltr'>potius,</span> <span class='ocrx_word' id='word_1_198' title='bbox 317 3185 448 3246; x_wconf 90' lang='lat' dir='ltr'>namque</span> <span class='ocrx_word' id='word_1_199' title='bbox 464 3167 514 3227; x_wconf 92' lang='lat' dir='ltr'>bic</span> <span class='ocrx_word' id='word_1_200' title='bbox 529 3169 664 3228; x_wconf 89' lang='lat' dir='ltr'>mundae</span> <span class='ocrx_word' id='word_1_201' title='bbox 680 3169 761 3230; x_wconf 90' lang='lat' dir='ltr'>nitet</span> <span class='ocrx_word' id='word_1_202' title='bbox 774 3168 890 3248; x_wconf 91' lang='lat' dir='ltr'>ungula</span> <span class='ocrx_word' id='word_1_203' title='bbox 903 3167 1012 3228; x_wconf 88' lang='lat' dir='ltr'>mulae.</span> 
     </span>
     <span class='ocr_line' id='line_1_30' title="bbox 115 3253 881 3344; baseline 0.016 -32"><span class='ocrx_word' id='word_1_204' title='bbox 115 3253 209 3316; x_wconf 87' lang='lat' dir='ltr'>Parte</span> <span class='ocrx_word' id='word_1_205' title='bbox 224 3259 283 3319; x_wconf 89' lang='lat' dir='ltr'>alia</span> <span class='ocrx_word' id='word_1_206' title='bbox 298 3263 399 3344; x_wconf 88' lang='lat' dir='ltr'>longis</span> <span class='ocrx_word' id='word_1_207' title='bbox 413 3263 620 3324; x_wconf 88' lang='lat' dir='ltr'>Numidarum</span> <span class='ocrx_word' id='word_1_208' title='bbox 635 3267 714 3326; x_wconf 87' lang='lat' dir='ltr'>fulta</span> <span class='ocrx_word' id='word_1_209' title='bbox 731 3263 881 3327; x_wconf 89' lang='lat' dir='ltr'>columnis</span> 
     </span>
    </p>

    <p class='ocr_par' dir='ltr' id='par_1_22' title="bbox 117 3350 833 3440">
     <span class='ocr_line' id='line_1_31' title="bbox 117 3350 833 3440; baseline 0.011 -26"><span class='ocrx_word' id='word_1_210' title='bbox 117 3350 229 3432; x_wconf 74' lang='lat' dir='ltr'>Surget</span> <span class='ocrx_word' id='word_1_211' title='bbox 244 3367 276 3418; x_wconf 86' lang='lat' dir='ltr'>et</span> <span class='ocrx_word' id='word_1_212' title='bbox 291 3359 446 3439; x_wconf 87' lang='lat' dir='ltr'>algentem</span> <span class='ocrx_word' id='word_1_213' title='bbox 460 3359 559 3440; x_wconf 88' lang='lat' dir='ltr'>rapiat</span> <span class='ocrx_word' id='word_1_214' title='bbox 573 3363 714 3430; x_wconf 90' lang='lat' dir='ltr'>coenatio</span> <span class='ocrx_word' id='word_1_215' title='bbox 729 3363 833 3424; x_wconf 90' lang='lat' dir='ltr'>solem.</span> 
     </span>
    </p>

    <p class='ocr_par' dir='ltr' id='par_1_23' title="bbox 25 3447 908 3538">
     <span class='ocr_line' id='line_1_32' title="bbox 25 3447 908 3538; baseline 0.014 -32"><span class='ocrx_word' id='word_1_216' title='bbox 25 3477 27 3480; x_wconf 95' lang='lat'>·</span> <span class='ocrx_word' id='word_1_217' title='bbox 116 3447 354 3535; x_wconf 77' lang='lat' dir='ltr'>Quantiounque</span> <span class='ocrx_word' id='word_1_218' title='bbox 370 3457 487 3532; x_wconf 80' lang='lat' dir='ltr'>domus,</span> <span class='ocrx_word' id='word_1_219' title='bbox 502 3457 606 3519; x_wconf 87' lang='lat' dir='ltr'>veniet</span> <span class='ocrx_word' id='word_1_220' title='bbox 622 3459 674 3538; x_wconf 90' lang='lat' dir='ltr'>qui</span> <span class='ocrx_word' id='word_1_221' title='bbox 689 3459 803 3520; x_wconf 85' lang='lat' dir='ltr'>fercula</span> <span class='ocrx_word' id='word_1_222' title='bbox 817 3458 908 3518; x_wconf 89' lang='lat' dir='ltr'>docte</span> 
     </span>
    </p>

    <p class='ocr_par' dir='ltr' id='par_1_24' title="bbox 116 3545 1118 3634">
     <span class='ocr_line' id='line_1_33' title="bbox 116 3545 1118 3634; baseline 0.009 -24"><span class='ocrx_word' id='word_1_223' title='bbox 116 3545 300 3628; x_wconf 64' lang='lat' dir='ltr'>slonrponat,</span> <span class='ocrx_word' id='word_1_224' title='bbox 315 3551 421 3614; x_wconf 87' lang='lat' dir='ltr'>veniet</span> <span class='ocrx_word' id='word_1_225' title='bbox 435 3552 487 3634; x_wconf 91' lang='lat' dir='ltr'>qui</span> <span class='ocrx_word' id='word_1_226' title='bbox 500 3553 706 3634; x_wconf 90' lang='lat' dir='ltr'>pulmentaria</span> <span class='ocrx_word' id='word_1_227' title='bbox 720 3554 843 3616; x_wconf 82' lang='lat' dir='ltr'>condat.</span> <span class='ocrx_word' id='word_1_228' title='bbox 1072 3569 1118 3614; x_wconf 79' lang='lat'>185</span> 
     </span>
    </p>
   </div>
   <div class='ocr_carea' id='block_1_7' title="bbox 0 0 1316 4168">
    <p class='ocr_par' dir='ltr' id='par_1_25' title="bbox 0 0 1316 4168">
     <span class='ocr_line' id='line_1_34' title="bbox 0 0 1316 4168; baseline 0 1"><span class='ocrx_word' id='word_1_229' title='bbox 0 0 1316 4168; x_wconf 95' lang='lat' dir='ltr'> </span> 
     </span>
    </p>
   </div>
  </div>
 </body>
</html>
