2622 4168
510 401 661 458 sarran
687 405 766 453 vm.
1102 385 1145 452 41

144 574 291 634 Fortibus
305 581 337 633 et
351 571 487 632 miseris:
507 571 598 632 tollas
612 571 684 632 lieet
698 591 790 632 omne
805 571 887 652 quod
902 592 1031 653 usquam
1045 579 1094 633 est

142 671 223 732 Auri
237 680 329 750 atque
344 669 472 750 argenti,
487 678 608 730 scutum
621 668 821 750 gladiumque
834 670 988 750 relinques

143 768 185 827 Et
201 768 306 848 jacula
320 776 352 828 et
365 767 503 846 galeam:
525 765 664 846 spoliatis
678 785 762 826 anua
776 779 949 847 supersunt.

184 865 277 937 Quod
290 864 384 927 modo
397 863 543 943 proposui
557 884 620 924 non
635 872 682 924 est
696 865 866 924 sententia:
886 883 996 925 verum
1062 913 1067 922 .
1099 877 1144 924 125

144 961 269 1022 Credite
283 982 333 1022 me
347 962 435 1041 vobis
448 961 556 1022 folium
569 961 698 1022 recitare
714 962 860 1041 Sibyllae.

143 1058 177 1118 Si
190 1060 247 1119 tibi
262 1069 368 1120 sancta
382 1059 491 1119 cohors
505 1059 662 1133 comitum,
677 1059 808 1119 sinemo
822 1058 957 1118 tribunal

142 1155 263 1216 Vendit
276 1156 504 1228 Aoersecomes,
519 1155 545 1216 si
559 1156 680 1215 nullum
693 1155 725 1215 in
741 1156 870 1235 conjuge
885 1155 1009 1230 crimen,

142 1251 211 1313 Nec
224 1273 280 1333 per
293 1262 464 1313 conventus
479 1262 511 1312 et
525 1261 637 1312 cuneta
649 1271 705 1332 per
720 1252 834 1333 oppida
848 1251 950 1312 curvis

34 1376 53 1384 -·
142 1348 309 1428 Unguibus
322 1349 366 1408 ire
380 1358 470 1428 parat
483 1369 626 1409 nummos
639 1358 767 1430 raptura
780 1350 915 1411 Celaeno
926 1368 934 1424 ;

141 1444 231 1507 Tunc
245 1446 317 1506 licet
331 1465 350 1504 a
363 1445 439 1505 Pico
454 1465 596 1506 numeres
609 1466 716 1525 genus,
730 1447 853 1526 altaque
867 1446 893 1506 si
906 1457 939 1506 te

140 1540 279 1602 Nomina
292 1542 457 1616 delectant,
471 1562 596 1603 omnem
609 1525 756 1603 Titanida
769 1562 906 1622 pugnam

141 1635 229 1696 Inter
242 1637 373 1716 majores
386 1637 548 1716 ipsumque
562 1636 750 1698 Promethea
763 1657 878 1717 ponas:

139 1733 190 1793 De
205 1753 387 1813 quocunque
402 1734 487 1793 voles
500 1753 650 1812 proavum
663 1734 722 1803 tibi
735 1733 849 1794 sumito
863 1733 951 1795 libro.

141 1829 236 1903 Quod
249 1830 274 1890 si
287 1829 487 1910 praecipitem
500 1831 581 1909 rapit
595 1831 723 1890 ambitio
738 1839 831 1909 atque
845 1830 950 1906 libido,

141 1928 175 1989 si
189 1927 304 2007 frangis
318 1919 421 2007 virgas
435 1927 589 1987 sociorum
603 1927 635 1987 in
650 1928 808 2008 sauguine,
824 1929 849 1989 si
863 1938 895 1990 te

64 2079 66 2082 .
139 2024 306 2085 Delectant
319 2025 446 2084 hebetes
460 2024 541 2084 lasso
555 2023 662 2084 lictore
676 2044 806 2099 secures,

139 2120 256 2201 Incipit
267 2121 409 2201 ipsorum'
419 2130 528 2182 contra
541 2129 574 2181 te
588 2130 670 2182 stare
684 2130 848 2200 parentum

40 2295 43 2300 Ι
139 2218 297 2281 Nobilitas
311 2219 484 2298 claramque
498 2218 596 2279 facem
610 2219 762 2296 praeferre
776 2218 937 2298 pudendis.

140 2316 242 2376 Omne
257 2316 352 2376 animi
366 2316 478 2376 vitium
491 2325 581 2377 tanto
596 2315 789 2395 conspectius
803 2317 835 2376 in
850 2337 883 2378 se

140 2414 265 2478 Crimen
279 2414 382 2488 habet,
397 2422 514 2493 quanto
528 2413 626 2493 major
640 2414 693 2493 qui
707 2423 815 2493 peceat
828 2415 967 2476 habetur.

140 2512 212 2586 Quo
226 2511 302 2572 mihi
315 2521 348 2572 te
363 2512 488 2572 solitum
501 2511 592 2572 falsas
606 2511 728 2592 signare
742 2511 871 2572 tabellas

139 2611 178 2674 In
192 2610 316 2691 templis
330 2629 408 2690 quae
422 2609 495 2670 feeit
509 2629 585 2670 avus
599 2619 794 2688 statuamque
808 2610 944 2688 parentis

36 2695 47 2708 ⁵
139 2711 227 2771 Ante
240 2708 484 2788 triumphalem?
505 2727 567 2787 quo
581 2707 607 2768 si
621 2716 790 2769 nocturnus
805 2707 927 2768 adulter

140 2807 295 2887 Tempora
310 2805 478 2866 Santonico
493 2807 577 2866 velas
592 2805 742 2885 adoperta
755 2805 899 2866 cucullo?

181 2909 311 2971 Praeter
323 2909 475 2990 majorum
491 2907 609 2970 cineres
623 2917 716 2988 atque
732 2926 800 2968 ossa
813 2907 931 2968 volucri

141 3007 297 3088 Carpento
311 3008 430 3088 rapitur
443 3005 566 3086 pinguis
581 3005 761 3079 Lateranus,
776 3014 808 3066 et
821 3004 896 3086 ipse,

140 3104 211 3185 Ipse
225 3114 326 3166 rotam
340 3103 506 3184 adstringit
519 3103 619 3163 multo
633 3101 802 3164 sufflamine
818 3104 952 3179 Consu13

140 3203 243 3264 Nocte
257 3203 390 3283 quidem,
405 3201 459 3262 sed
474 3201 547 3260 luna
557 3199 653 3275 videt,
668 3202 723 3261 sed
737 3202 837 3262 sidera
850 3209 945 3264 testes

139 3299 314 3360 Intendunt
328 3299 442 3360 oculos.
483 3297 623 3358 Finitum
638 3306 761 3378 tempus
775 3299 900 3360 honoris

141 3396 246 3469 Quum
259 3396 360 3470 fuerit,
376 3396 458 3456 clara
472 3393 643 3454 Lateranus
657 3394 725 3454 lnce
740 3395 896 3474 flagellum

141 3493 250 3554 Sumet
265 3502 298 3554 et
311 3512 472 3554 occursum
485 3509 643 3570 nunquam
659 3491 827 3570 trepidabit
841 3491 930 3553 amici

139 3589 161 3652 J
162 3611 212 3650 am
226 3589 314 3665 senis,
329 3609 365 3650 ae
378 3589 468 3668 virga
480 3587 565 3668 prior
578 3597 694 3648 annuet
708 3596 800 3667 atque
814 3587 966 3669 maniplos
