2622 4168
170 423 211 487 28
474 437 510 484 n.
525 437 629 485 anun
649 434 855 484 Juvnnnnrs

169 605 232 678 Qui
246 604 363 686 tegitur
376 622 483 683 parma
496 611 529 663 et
542 604 631 684 galea
644 613 846 682 metuensque
860 603 975 682 flagelli

167 702 268 763 Discit
283 702 322 762 ab
336 700 453 760 hirsuta
466 700 606 780 jaculum
620 711 764 780 torquere
778 699 904 779 capella.
1123 713 1170 760 155

168 800 311 860 Forsitan
320 795 482 877 impensae
497 796 664 858 Virronem
678 815 803 876 parcere
818 796 935 858 credas.

86 928 88 932 ·
167 897 237 957 Hoc
251 896 317 978 agit
331 904 366 955 nt
381 895 504 956 doleas:
526 913 598 953 nam
612 913 691 973 qnae
706 893 874 968 comoedia,
888 893 1000 955 mimus

168 993 245 1066 Quis
259 995 368 1054 melior
380 995 522 1074 plorante
536 992 634 1071 gula?
675 991 760 1070 Ergo
774 991 878 1051 omnia
891 991 978 1066 fiunt,

168 1091 201 1152 Si
215 1091 323 1167 nescis,
339 1100 373 1152 ut
387 1111 442 1171 per
455 1089 596 1150 lacrimas
612 1088 768 1148 effundere
782 1087 877 1148 bilem

168 1189 296 1268 Cogaris
309 1209 474 1268 pressoque
489 1189 543 1248 diu
558 1183 687 1248 stridere
703 1185 819 1246 molari.

166 1285 216 1344 Tu
230 1285 287 1346 tibi
302 1287 378 1345 liber
391 1287 484 1346 homo
499 1294 531 1346 et
545 1285 626 1365 regis
642 1281 774 1344 conviva
787 1283 920 1344 videris:

167 1381 300 1460 Captum
314 1391 346 1442 te
361 1382 468 1442 nidore
483 1401 555 1443 suae
569 1391 660 1461 putat
674 1381 726 1440 ilie
741 1380 870 1454 culinae,

165 1477 234 1538 Nec
247 1479 327 1538 male
341 1478 503 1558 conjectat.
545 1478 623 1550 Quis
637 1478 720 1540 enim
734 1484 800 1536 tam
815 1477 917 1538 nudus
932 1487 967 1539 ut
981 1477 1069 1540 illum

165 1574 220 1636 Bis
234 1575 321 1649 ferat,
335 1575 501 1636 Etruscum
515 1595 611 1655 puero
625 1575 651 1636 si
666 1573 798 1654 contigit
812 1593 922 1634 aurum

165 1671 228 1732 Vel
242 1672 342 1732 nodus
356 1681 479 1740 tantum
495 1681 527 1732 et
541 1672 664 1753 signnm
679 1673 718 1732 de
732 1689 867 1752 paupere
881 1671 970 1732 loro?
1121 1685 1167 1734 166

166 1769 243 1848 Spes
257 1770 336 1830 bene
352 1771 502 1830 coenandi
516 1789 572 1831 vos
586 1770 710 1850 decipit.
752 1776 770 1807 “
781 1769 863 1832 Ecce
878 1767 964 1830 dabit
973 1769 1053 1850 jam·
1074 1769 1076 1774 ’

165 1866 326 1926 Semesnm
339 1866 475 1946 leporem
490 1876 582 1946 atque
598 1867 713 1947 aliquid
729 1867 769 1928 de
785 1867 925 1928 clunibus
940 1866 1022 1947 apri:

164 1959 218 2021 Ad
232 1982 288 2023 nos
300 1963 367 2042 jam
380 1963 486 2024 veniet
499 1964 600 2023 minor
614 1963 734 2024 altilis.”
775 1964 855 2024 Inde
869 1973 978 2044 parato
1021 2016 1026 2026 .

164 2058 348 2139 intactoque
362 2079 469 2120 omnes
483 2070 515 2121 et
530 2060 637 2122 stricto
651 2080 731 2139 pane
746 2061 865 2122 tacetis.

163 2154 221 2216 Illo
235 2155 316 2235 sapit
330 2155 383 2235 qni
397 2165 429 2216 te
443 2156 487 2218 sic
500 2157 607 2218 utitur.
649 2157 763 2218 Omnia
776 2158 855 2219 ferre

165 2251 198 2313 Si
211 2261 309 2331 potes,
323 2262 355 2313 et
370 2253 472 2314 debes.
513 2253 706 2316 Pulsandum
720 2256 837 2317 vertice
852 2275 923 2318 raso

163 2347 330 2410 Praebebis
344 2350 529 2430 quandoque
544 2337 645 2432 capnt,
659 2371 716 2414 neo
730 2352 808 2414 dura
822 2354 946 2417 timebis

88 2434 90 2438 ’
163 2445 277 2528 Flagra
289 2446 356 2528 pati
369 2446 417 2509 his
431 2447 531 2530 epulis
544 2457 576 2509 et
589 2447 646 2510 tali
661 2449 773 2532 dignus
788 2451 896 2534 amico.
