2622 4168
524 405 661 453 SATIRA
682 408 736 455 111.

168 568 256 640 Quae
270 591 352 631 nunc
367 571 514 632 divitibus
529 593 605 651 gens
620 574 832 652 acceptissima
845 561 958 638 nostris

126 664 169 725 Et
183 686 259 744 quos
273 667 436 747 praecipue
450 668 565 748 fugiam
580 670 750 747 properabo
765 671 863 745 fateri,

125 763 195 823 Nec
208 764 308 842 pudor
322 765 465 825 obstabit.
506 764 580 824 Non
594 774 719 844 possum
733 767 819 843 ferre,
828 768 981 846 Quirites,
1099 787 1130 834 60

125 860 276 944 Graecam
290 860 415 920 urbem:
437 861 576 939 quamvis
592 872 686 941 quota
700 864 803 943 portio
817 866 909 926 faecis
923 867 1067 928 Achaei?

124 957 146 1018 J
148 976 197 1015 am
209 957 330 1036 pridem
346 955 441 1034 Syrus
455 958 487 1018 in
503 957 641 1042 Tiberim
657 960 785 1023 defluxit
801 963 935 1025 Orontes

124 1052 168 1111 Et
182 1053 319 1132 linguam
334 1062 366 1112 et
380 1073 480 1113 mores
496 1063 533 1114 et⁴
543 1075 614 1114 eum
629 1057 755 1118 tibicine
770 1061 899 1121 chordas
996 1056 998 1063 ’

126 1148 283 1236 Obliquas,
298 1170 355 1230 nec
369 1170 432 1210 non
446 1152 575 1231 gentilia
589 1161 738 1235 tympana
751 1177 856 1218 secum

125 1247 223 1306 Vexit
238 1259 269 1306 et
284 1246 324 1305 ad
339 1247 461 1336 Circum
478 1248 579 1327 jussas
593 1262 730 1331 prostare
744 1255 870 1333 puellas,
1098 1270 1128 1314 65

124 1343 174 1402 Ite
190 1343 298 1422 quibus
312 1353 401 1423 grata
415 1354 462 1405 est
476 1346 560 1426 picta
573 1349 646 1429 lupa
659 1350 787 1410 barbara
801 1351 911 1410 mitral

124 1441 272 1500 Rusticus
286 1441 338 1501 ille
353 1450 425 1502 tuus
440 1445 534 1505 sumit
547 1447 756 1526 trechedipna,
772 1447 908 1524 Quirine,
976 1515 984 1532 ‚

17 1604 25 1614 ,
123 1537 167 1596 Et
182 1538 366 1600 ceromatico
381 1540 441 1600 fert
455 1541 602 1602 niceteria
616 1545 703 1604 collo.
739 1544 742 1550 “

124 1634 186 1694 Hic
200 1636 263 1696 alta
278 1635 420 1716 Sicyone,
434 1648 482 1699 ast
495 1639 545 1700 hic
559 1640 726 1720 Amydone
740 1642 855 1716 relicta,

123 1731 186 1792 Hic
199 1733 318 1807 Andre,
334 1733 385 1793 ille
401 1734 501 1808 Samo,
515 1737 566 1796 hio
580 1736 733 1797 Trallibus
747 1748 800 1798 aut
814 1739 994 1816 Alabandis,
1097 1757 1127 1803 70

122 1830 276 1911 Esquilias
292 1831 469 1911 dictumque
484 1841 596 1910 petunt
611 1852 629 1892 a
642 1833 755 1893 vimine
771 1836 890 1910 collem,

122 1927 253 1990 Viscera
265 1917 448 2008 magnarum
463 1930 610 1988 domuum
625 1930 801 2010 dominique
815 1932 919 1993 futuri.

122 2025 287 2106 Ingenium
301 2028 401 2099 velox,
416 2027 543 2085 audacia
557 2027 686 2105 perdita,
701 2047 800 2088 sermo
866 2061 925 2069 -ψ-
939 2057 944 2061 ·

122 2124 290 2204 Promptus
304 2133 336 2183 et
351 2123 440 2182 Isaeo
454 2125 626 2182 torrentior.
667 2122 736 2182 Ede
751 2125 825 2203 quid
840 2125 928 2186 illum

122 2219 199 2280 Esse
213 2222 326 2300 putes?
347 2237 440 2299 quem
454 2218 501 2278 vis
515 2219 671 2278 hominem
686 2238 789 2280 secum
804 2222 910 2282 attulit
924 2223 963 2282 ad
978 2242 1050 2284 nos:
1093 2239 1125 2285 75

122 2317 357 2392 Grammaticus,
371 2317 484 2390 rhetor,
498 2325 680 2396 geometres
696 2317 803 2394 pictor,
819 2319 938 2397 aliptes,

121 2413 240 2494 Augur,
256 2415 484 2488 schoenobates,
498 2413 644 2482 medicus
659 2432 785 2493 magus:
807 2416 910 2475 omnia
923 2416 1019 2476 novit.

122 2510 290 2572 Graeculus
305 2512 438 2572 esuriens
452 2513 485 2572 in
500 2512 618 2571 caelum
634 2510 761 2596 jusseris
775 2508 841 2571 ibit.
930 2511 931 2514 ’

15 2599 17 2603 ’
120 2608 175 2667 Ad
189 2628 348 2682 summam,
363 2628 426 2669 non
440 2609 567 2670 Maurus
582 2617 647 2667 erat
662 2627 761 2685 neque
776 2607 917 2668 Sarmata
930 2627 988 2668 nec
1002 2608 1106 2669 Thrax

121 2703 184 2775 Qui
198 2705 327 2782 sumpsit
341 2725 466 2784 pennas,
481 2705 590 2766 mediis
605 2705 659 2764 sed
674 2713 765 2762 natus
778 2703 921 2765 Athenis.
992 2726 997 2736 ’
1094 2721 1125 2768 80

120 2800 243 2861 Horum
258 2821 315 2880 ego
329 2822 391 2861 non
406 2801 522 2880 fugiam
538 2800 724 2880 conchylia?
744 2821 793 2861 me
808 2801 891 2880 prior
904 2801 956 2862 ille

121 2897 288 2978 signabit?
309 2899 465 2977 fultusque
480 2907 549 2958 toro
564 2899 689 2958 meliore
705 2899 864 2958 recumbet

118 2994 282 3054 Advectus
297 2995 429 3054 Romam
444 3015 504 3074 quo
518 3014 617 3073 pruna
632 3003 663 3054 et
678 3003 804 3055 cottona
817 2996 936 3056 vento?

118 3091 229 3170 Usque
244 3092 321 3151 adeo
336 3092 412 3150 nihil
427 3101 482 3165 est,
498 3091 581 3170 quod
596 3100 701 3151 nostra
715 3091 845 3152 infantia
859 3092 977 3152 caelum

40 3243 42 3246 .
118 3187 234 3248 Hausit
247 3187 407 3261 Aventini,
422 3187 515 3247 bacea
529 3187 646 3246 nutrita
662 3187 798 3248 Sabina?
1094 3203 1125 3250 85

119 3283 212 3359 Quid,
229 3285 311 3363 quod
326 3284 472 3344 adulandi
485 3303 562 3362 gens
575 3284 816 3362 prudentissima
829 3285 937 3346 laudat

93 3393 96 3399 ’
118 3381 300 3441 Sermonem
313 3380 440 3454 indocti,
455 3380 564 3440 faciem
579 3380 724 3440 deformis
740 3381 838 3455 amici,

117 3477 161 3538 Et
175 3479 304 3558 longum
317 3477 446 3538 invalidi
461 3478 574 3538 collum
588 3477 757 3536 cervicibus
772 3489 884 3557 aequat

33 3605 40 3621 ο
116 3574 271 3648 Herculis,
284 3574 444 3634 Antaeum
458 3575 564 3652 procul
579 3593 596 3632 a
610 3572 720 3632 tellure
734 3575 893 3650 tenentis„
