2622 4168
313 943 366 1022 D.
405 943 564 1020 JUNII
614 937 939 1023 JUVENALIS
997 1027 998 1031 a

414 1171 828 1272 SATIRAE.

544 1421 694 1432 ——-—-

513 1572 676 1635 SATIRA
703 1571 729 1633 Ι.

176 1733 329 1796 ΕΜΡΕΒ
342 1754 401 1815 ego
416 1733 539 1795 auditor
551 1734 698 1794 tantum?
719 1750 916 1812 nunquamne
930 1747 1078 1812 reponam

196 1831 338 1893 Venatus
351 1832 446 1892 toties
460 1831 544 1891 rauci
557 1826 710 1891 Theseide
726 1830 844 1892 Codri?

117 1928 249 2009 Impune
264 1948 337 2008 ergo
351 1928 427 1988 mihi
440 1928 616 1988 recitaverit
630 1927 681 1987 ille
696 1936 827 2006 togatas,

118 2025 179 2086 Hic
194 2026 321 2104 elegos?
341 2025 466 2103 impune
481 2024 563 2083 diem
578 2024 800 2102 consumpserit
814 2023 923 2102 ingens

117 2122 283 2201 Telephus,
297 2130 351 2182 aut
366 2121 477 2180 summi
490 2121 581 2200 plena
590 2121 657 2200 jam
671 2121 809 2202 margine
824 2121 895 2180 libri
1108 2133 1123 2178 5

4 2207 5 2210 ¹
119 2219 260 2298 Scriptus
274 2227 306 2279 et
319 2218 351 2277 in
366 2228 463 2298 tergo,
478 2238 535 2278 nec
549 2219 624 2277 dnm
637 2218 752 2293 linitus,
768 2218 918 2278 Orestes?

117 2315 206 2375 Nota
218 2313 316 2396 inagis
329 2316 408 2374 nulli
421 2315 530 2374 domus
545 2325 591 2374 est
602 2335 657 2375 sua
671 2335 764 2395 quam
778 2315 855 2376 mihi
867 2317 955 2376 lucus

118 2411 238 2485 Martis,
253 2421 285 2471 et
298 2411 417 2471 Aeoliis
431 2411 566 2471 vicinum
580 2412 707 2490 rupibus
722 2420 844 2472 antrum

67 2540 70 2550 v
118 2508 262 2570 Vulcani.
303 2507 387 2580 Quid
401 2516 495 2586 agant
509 2509 604 2582 renti,
619 2528 694 2586 quas
708 2518 851 2588 torqueat
864 2507 989 2568 umbras
1005 2563 1006 2566 ,

117 2599 250 2679 Aeacus,
266 2605 347 2665 unde
363 2605 439 2664 alius
453 2605 584 2664 furtivae
599 2605 733 2666 devehat
748 2625 857 2665 aurum
1093 2615 1123 2662 10

109 2701 294 2776 'Pelliculae
308 2710 438 2782 quantas
447 2702 601 2782 jaculetur
613 2703 787 2782 Monychus
802 2722 901 2774 ornos,

118 2799 286 2859 Frontonis
299 2799 417 2879 platani
431 2801 638 2879 convulsaque
654 2819 805 2860 marmora
819 2801 953 2860 clamant

118 2895 248 2976 Semper
261 2905 293 2957 ot
308 2897 430 2956 assiduo
443 2906 553 2975 ruptae
567 2897 682 2958 lectore
697 2899 865 2958 columnae.

117 2992 287 3072 Exspectes
301 2993 411 3052 eadem
424 3012 443 3052 a
456 3013 576 3063 summo
591 2995 779 3074 minimoque
792 3004 893 3074 poeta.

117 3088 161 3150 Et
174 3107 231 3148 nos
245 3108 319 3168 ergo
332 3108 458 3149 manum
472 3091 587 3150 ferulae
601 3091 812 3165 subduximus,
828 3101 859 3152 et
872 3111 930 3151 nos
1092 3103 1123 3148 15

118 3185 290 3246 Consilium
304 3186 445 3247 dedimus
461 3187 565 3247 Sullae
579 3187 718 3266 privatus
733 3197 768 3247 ut
783 3189 880 3248 altum

117 3279 286 3340 Dormiret.
328 3279 432 3341 Stulta
445 3290 493 3341 est
507 3282 678 3356 clementia,
693 3302 788 3361 quum
802 3291 850 3356 tot
864 3281 977 3361 ubique

116 3375 252 3437 Vatibus
266 3396 416 3453 occurras,
430 3377 583 3456 periturae
597 3397 722 3457 parcere
737 3379 870 3438 chartae.

86 3491 90 3498 ·
159 3473 222 3534 Our
235 3482 340 3534 tamen
354 3475 414 3534 hoc
427 3475 531 3553 potius
545 3475 640 3534 libeat
655 3475 815 3534 decurrere
830 3493 938 3554 campo

115 3567 180 3629 Per
194 3589 286 3648 quem
299 3588 430 3649 magnus
445 3589 540 3648 equos
554 3556 719 3630 Auruncae
733 3570 819 3629 flexit
834 3571 984 3644 alumnus,
1091 3581 1122 3628 20

116 3665 152 3728 Si
166 3675 258 3728 vacat
271 3675 304 3727 et
317 3666 431 3748 placidi
445 3666 598 3746 rationem
611 3667 785 3741 admittitis,
800 3667 900 3728 edam.
990 3744 994 3751 ¹

593 3789 598 3804 ¹
613 3780 627 3829 1
