2622 4168
162 344 182 410 8
464 359 500 405 n.
517 327 850 409 ouun'uuvnunnrs

156 527 244 589 Dum
256 545 338 589 nova
352 525 488 600 canities,
502 525 579 588 dum
590 527 691 607 prima
704 538 735 589 et
750 537 835 588 recta
849 537 1002 603 senectus,
1059 565 1063 572 ·

157 625 245 686 Dum
258 634 397 705 superest
410 623 540 686 Lachesi
554 625 638 704 quod
652 634 804 706 torqueat,
819 638 850 685 et
864 626 995 704 pedibus
1008 647 1058 688 me

157 722 256 783 Porto
269 723 346 783 meis
359 722 444 782 nullo
458 721 600 782 dextram
613 721 764 781 subeunte
778 721 899 782 bacillo.
934 767 942 774 .

158 818 312 882 Cedamus
326 818 441 898 patria:
463 818 570 878 vivant
584 817 729 878 Artorius
742 817 813 879 istic
1003 895 1007 901 ⁵

157 916 200 977 Et
215 916 362 989 Catulus3
382 923 528 974 maneant
543 915 595 994 qui
609 915 732 994 nigrum
745 915 778 975 in
793 915 925 975 candida
939 925 1074 992 vertunt,
1132 931 1164 978 3ο

158 1011 236 1083 Quis
250 1013 338 1073 facile
353 1021 400 1072 est
414 1012 522 1072 aedem
537 1012 718 1086 conducere,
733 1011 869 1084 fiumina
882 1022 999 1091 portus,

158 1110 340 1171 Siccandam
354 1109 495 1181 eluviem,
509 1109 696 1188 portandum
710 1108 750 1167 ad
764 1109 855 1168 busta
870 1109 1009 1185 cadaver,

157 1206 200 1268 Et
213 1207 359 1286 praebere
374 1216 467 1285 caput
483 1204 608 1265 donuna
622 1206 731 1265 venale
746 1205 802 1264 sub
817 1206 914 1266 hasta.

158 1303 323 1376 Quondam
336 1304 369 1363 hi
383 1302 551 1364 cornicines
565 1293 597 1362 et
611 1302 803 1382 municipalis
816 1322 926 1364 arenae

156 1400 306 1480 Perpetui
320 1401 446 1461 comites
461 1410 614 1479 notaeque
628 1420 683 1478 per
697 1400 811 1480 oppida
824 1401 939 1462 buccae
1132 1419 1163 1464 35

156 1497 288 1558 Munera
303 1503 385 1577 nunc
400 1497 506 1570 edunt,
521 1505 552 1556 et
567 1515 655 1556 verso
669 1497 780 1575 pollice
795 1498 881 1580 vulgi

83 1649 86 1655 .
157 1593 350 1666 Quamlibet
364 1593 511 1654 occidunt
525 1593 732 1674 populariter:
753 1595 827 1655 inde
841 1596 956 1657 reversi
1001 1589 1002 1596 ¹

157 1692 345 1754 Conducunt
358 1679 482 1753 ¹sorices:
505 1703 536 1754 ct
550 1714 605 1754 cur
618 1715 680 1754 non
695 1695 823 1755 omnia?
844 1715 940 1774 quum
953 1693 1015 1755 sint

156 1787 272 1860 Quales
286 1809 325 1850 ex
339 1789 447 1850 humili
461 1811 573 1872 magna
588 1791 627 1852 ad
641 1791 764 1873 fastigia
778 1812 881 1853 rerum

156 1887 289 1951 Extollit
303 1890 422 1969 quoties
437 1890 536 1951 voluit
550 1889 689 1952 Fortuna
704 1891 811 1971 jocari.

156 1987 240 2059 Quid
255 1987 375 2049 Romae
388 1989 520 2050 faciam?
560 1989 688 2050 Mentiri
701 1990 823 2066 nesci03
844 1990 957 2051 librum

157 2083 191 2146 Si
205 2087 302 2146 malus
318 2096 365 2147 est
379 2107 499 2167 nequeo
512 2087 638 2147 laudare
654 2096 685 2146 et
699 2107 824 2166 poscere
836 2108 844 2163 ;
864 2098 968 2149 motus

155 2181 322 2242 Astrorum
335 2169 463 2262 ignor03
484 2183 576 2244 funus
590 2183 770 2263 promittere
784 2184 881 2264 patris

155 2277 224 2338 Nec
238 2280 310 2339 volo
324 2299 381 2340 nec
395 2299 537 2359 possum3
557 2299 699 2339 ranarum
713 2280 830 2341 viscera
843 2299 1000 2360 nunquam

154 2373 291 2454 Inspexi.
332 2375 425 2436 Ferre
440 2377 479 2436 ad
494 2385 624 2454 nuptam
638 2395 715 2457 quae
731 2377 828 2438 mittit
843 2377 972 2451 adulter,

156 2471 243 2542 Quae
257 2473 394 2548 mandat,
410 2473 514 2533 norint
528 2472 598 2532 alii:
619 2493 668 2532 me
683 2493 773 2533 nemo
788 2474 929 2534 ministro

154 2569 219 2629 Fur
233 2569 299 2645 erit,
315 2579 407 2650 atque
422 2571 492 2631 ideo
506 2568 583 2629 nulli
597 2588 699 2630 comes
714 2589 798 2644 erec,
812 2580 959 2650 tanquam

154 2665 285 2727 Mancus
299 2675 331 2728 et
345 2667 515 2727 exstinctae
530 2685 638 2745 corpus
653 2687 714 2726 non
730 2667 805 2726 utile
821 2667 956 2727 dextrae.

154 2759 233 2833 Quis
247 2783 328 2824 nunc
343 2763 482 2843 diligitur
496 2763 555 2824 nisi
569 2763 707 2824 conscius
722 2773 754 2823 et
769 2763 817 2822 cui
830 2763 951 2824 fervens

153 2858 287 2920 Aestuat
301 2861 429 2920 occultis
444 2860 563 2919 animus
577 2879 755 2938 semperque
770 2860 934 2920 tacendis?

137 2954 208 3024 ;Nil
223 2956 280 3017 tibi
294 2977 326 3017 se
341 2957 452 3017 debere
465 2966 565 3036 putat,
580 2956 623 3015 nil
639 2956 775 3016 conferet
790 2975 939 3036 unquam,

51 3129 53 3133 Ι
152 3052 341 3134 Participem
355 3055 453 3134 quite
468 3053 578 3114 secreti
591 3053 664 3114 fecit
678 3055 819 3114 honesti:

154 3151 249 3212 Carus
265 3153 323 3212 erit
337 3151 429 3212 Verri
444 3151 496 3231 qui
510 3151 640 3209 Verrem
655 3159 795 3230 tempore
810 3171 871 3231 quo
885 3150 954 3211 vult

152 3247 307 3308 Accusare
322 3257 434 3328 potest.
477 3246 572 3307 Tanti
586 3246 643 3306 tibi
657 3266 719 3306 non
734 3247 774 3307 sit
790 3248 878 3326 opaci

153 3343 262 3404 Omnis
277 3365 369 3404 arena
382 3344 462 3424 Tagi
477 3345 619 3423 quodque
634 3343 666 3402 in
680 3363 763 3402 mare
778 3345 915 3404 volvitur
929 3364 1046 3420 aurum,
1126 3360 1157 3405 55

152 3437 200 3500 Ut
215 3460 321 3501 somno
336 3461 438 3502 careas
452 3441 654 3519 ponendaque
668 3441 804 3516 praemia
819 3459 921 3501 sumas

152 3535 263 3598 Tristis
277 3546 309 3598 et
323 3556 341 3597 a
354 3558 467 3618 magno
481 3555 600 3615 semper
614 3536 750 3596 timearis
764 3537 873 3600 amice.
