2622 4168
138 388 180 452 14
441 405 477 450 D.
500 403 603 452 surm
624 399 832 450 mannans

104 600 108 608 ·
137 569 225 630 Haec
238 570 425 630 Asianorum
438 578 545 630 vetera
559 575 740 629 ornamenta
754 565 891 641 deorum,

137 666 200 726 Hic
213 666 307 726 libros
321 665 408 725 dabit
422 674 454 726 et
467 665 582 726 forulos
596 663 789 743 mediamque
803 662 987 737 Minervam,

137 762 199 822 Hic
212 762 351 822 modium
365 762 504 841 argenti:
525 760 652 820 meliora
666 768 698 819 et
711 759 800 839 plura
814 759 936 838 reponit

137 858 279 920 Persicus
293 859 437 919 orborum
452 857 647 931 lautissimus,
663 865 695 916 et
709 855 819 916 merito
831 856 899 936 jam

138 955 305 1034 Suspectus
319 964 466 1034 tanquam
478 955 545 1034 ipse
560 973 629 1014 suas
643 953 815 1014 incenderit
830 955 930 1016 aedes.

138 1053 172 1114 Si
185 1061 274 1132 potes
289 1052 379 1112 avelli
394 1051 597 1125 Circensibus,
613 1050 730 1130 optima
745 1051 839 1112 Sorae

135 1149 204 1209 Aut
218 1147 415 1209 Fabrateriae
431 1149 540 1208 domus
556 1156 609 1208 aut
624 1146 796 1208 Frusinone
810 1142 947 1230 paratur,¹

137 1246 255 1318 Quanti
268 1265 350 1306 nunc
364 1246 507 1306 tenebras
523 1265 618 1304 unum
632 1245 778 1306 conducis
793 1247 825 1306 in
847 1268 969 1308 annum.

137 1343 288 1403 Hortulus
301 1342 352 1402 hic
360 1352 538 1421 puteusque
551 1342 653 1402 brevis
667 1363 726 1404 nec
739 1354 819 1404 reste
833 1347 1004 1407 movendus

135 1439 174 1499 In
188 1449 296 1500 tenues
310 1440 431 1518 plantas
444 1439 526 1498 facili
540 1438 722 1499 diffunditur
736 1441 856 1501 haustu.

135 1539 217 1599 Vive
231 1537 366 1598 bidentis
381 1555 486 1596 amans
501 1545 532 1596 et
547 1536 622 1596 culti
636 1536 755 1597 villicus
769 1537 859 1614 horti,

136 1636 230 1698 Unde
246 1637 370 1715 epulum
385 1634 481 1715 possis
496 1641 621 1695 centum
636 1635 709 1694 dare
724 1635 938 1716 Pythagoreis.

134 1734 193 1794 Est
208 1733 333 1812 aliquid,
348 1751 530 1812 quocunque
545 1733 622 1805 loco,
638 1752 820 1814 quocunque
835 1753 965 1810 recessu,

135 1831 238 1894 Unius
252 1851 317 1892 sese
333 1830 492 1891 dominum
505 1830 612 1890 fecisse
626 1831 767 1912 lacertae.

174 1931 330 1992 Plurimus
343 1930 394 1990 hic
408 1948 499 2010 aeger
511 1929 641 1989 moritur
654 1928 831 2009 vigilando:
852 1930 906 1990 sed
920 1929 1007 1990 illum

134 2029 328 2110 Languorem
342 2028 462 2109 peperit
476 2027 561 2088 cibus
575 2026 772 2106 imperfectus
787 2035 819 2087 et
832 2029 962 2087 haerens

133 2129 268 2189 Ardenti
282 2113 450 2190 stomacho.
491 2125 576 2185 Nam
591 2144 668 2204 quae
682 2125 840 2185 meritoria
854 2145 996 2185 somnum

133 2227 342 2286 Admittunt?
382 2223 506 2305 Magnis
520 2224 628 2303 opibus
643 2222 796 2282 dormitur
808 2222 841 2282 in
854 2221 951 2284 Urbe.
1086 2237 1134 2284 235

133 2322 212 2384 Inde
227 2332 318 2403 caput
332 2323 439 2383 morbi.
481 2321 660 2382 Rhedarum
675 2319 823 2404 transitus
838 2327 906 2406 arto

133 2420 283 2481 Vicorum
295 2421 411 2481 inflexu
426 2427 458 2480 et
472 2419 581 2480 stantis
596 2417 734 2478 convicia
747 2417 894 2478 mandrae

133 2516 275 2598 Eripient
289 2538 430 2578 somnum
444 2517 549 2576 Druso
562 2515 726 2594 vitulisque
741 2513 874 2575 marinis.

134 2616 168 2676 Si
182 2626 273 2678 vocat
287 2619 429 2692 officium,
443 2617 534 2677 turba
548 2617 677 2677 cedente
691 2615 822 2676 vehetur

132 2712 229 2774 Dives
244 2723 275 2773 et
289 2715 409 2794 ingenti
425 2722 526 2776 curret
540 2734 631 2793 super
645 2733 698 2774 ora
712 2713 858 2788 Liburno,

132 2809 238 2890 Atque
252 2811 352 2870 obiter
366 2812 450 2889 leget
465 2818 518 2870 aut
533 2811 645 2870 scribet
658 2811 710 2871 vel
724 2810 857 2870 dormiet
871 2809 963 2884 intus,

132 2906 276 2987 Namque
289 2907 362 2968 facit
377 2927 518 2967 somnum
532 2907 757 2967 clausaleetica
770 2907 912 2967 fenestra.

131 3005 217 3064 Ante
232 3014 336 3065 tamen
351 3004 473 3064 veniet:
493 3003 582 3064 nobis
595 3003 828 3082 properantibus
843 3005 946 3065 obstat

132 3099 228 3161 Unda
243 3101 333 3181 prior,
348 3121 462 3180 magno
475 3100 607 3180 populus
621 3099 733 3184 premit
748 3100 868 3179 agmine
883 3101 1004 3162 lumbos

133 3182 195 3268 Qui
210 3198 366 3278 sequitur;
387 3197 458 3257 ferit
472 3196 522 3256 hic
537 3195 650 3270 cubito,
665 3195 735 3255 ferit
750 3216 850 3256 assere
865 3198 943 3257 duro
1083 3212 1131 3258 245

131 3293 231 3369 Alter,
247 3303 279 3354 at
292 3294 343 3363 hic
356 3296 479 3374 tignum
494 3292 587 3372 capiti
601 3293 721 3367 incutit,
734 3293 786 3353 ille
800 3303 972 3355 metretam.

133 3387 266 3468 Pinguia
281 3411 368 3451 crura
381 3392 457 3465 luto,
472 3390 579 3469 planta
593 3409 665 3448 mox
679 3389 815 3470 undique
830 3410 943 3472 magna

33 3511 37 3524 ·
134 3485 250 3559 Calcor,
265 3487 342 3546 etin
356 3487 455 3568 digito
470 3487 574 3546 clavus
588 3485 664 3544 mibi
677 3486 784 3546 militis
798 3488 912 3549 haeret.

133 3577 246 3642 Nonne
260 3583 347 3644 vides
362 3593 477 3663 quanto
492 3582 663 3643 celebretur
676 3583 814 3663 sportula
826 3585 934 3645 fumo?
