2646 4170
538 396 673 446 snrmA
695 397 758 445 XV.

143 564 318 627 Aedificare
333 564 450 640 domos,
464 549 594 627 Laribus
609 564 795 644 conjungere
809 563 922 626 nostris

129 739 131 743 y
144 663 277 724 Tectum
294 662 387 737 aliud,
401 649 487 724 tutos
501 662 603 723 vicino
618 661 723 722 limine
737 682 860 724 somnos

144 758 193 821 Ut
207 760 320 819 collata
334 758 423 820 daret
436 759 556 832 fiducia,
570 767 731 838 protegere
745 759 837 820 armis

144 855 281 935 Lapsum
296 865 350 916 aut
363 855 483 935 ingenti
499 864 661 916 nutantem
676 855 803 915 vulnere
818 856 926 930 civem,

146 952 311 1013 Communi
326 953 398 1012 dare
413 953 501 1031 signa
515 952 600 1024 tuba,
614 952 774 1012 defendier
786 953 885 1013 isdem

103 1114 108 1120 ,
142 1049 294 1109 Turribus
310 1059 402 1129 atque
416 1070 478 1108 una
492 1059 651 1128 portarum
665 1051 753 1110 clare
767 1051 874 1111 teneri.

146 1145 207 1206 Sed
218 1147 284 1225 jam
300 1155 477 1226 serpentum
492 1147 589 1225 major
604 1147 784 1207 concordia:
804 1147 903 1228 parcit

146 1243 295 1322 Cognatis
310 1243 437 1302 maculis
453 1243 558 1302 similis
572 1227 669 1314 feras¹
687 1243 820 1315 Quando
834 1245 916 1305 leoni
1099 1259 1145 1306 160

99 1343 107 1353 ¹
146 1339 271 1398 Fortior
286 1339 398 1418 eripuit
412 1339 507 1399 vitam
524 1340 594 1399 leo?
616 1361 676 1420 quo
691 1361 816 1426 nemore
831 1362 965 1422 unquam

43 1437 46 1443 ’
109 1516 112 1520 ‚
145 1434 324 1514 Exspiravit
340 1455 412 1515 aper
427 1436 550 1515 majoris
566 1437 710 1497 dentibus
725 1440 812 1517 apri?

146 1530 255 1592 ludica
269 1533 356 1614 tigris
372 1534 437 1613 agit
451 1535 557 1595 rabida
572 1555 642 1595 cum
653 1535 765 1616 tigride
780 1557 899 1616 pacem·

145 1629 351 1710 Perpetuam3
373 1631 471 1691 saevis
485 1632 566 1692 inter
581 1652 612 1692 se
628 1633 773 1694 convenit
787 1635 873 1694 ursis.

144 1729 206 1789 Ast
221 1729 337 1788 homini
351 1728 465 1788 ferrum
480 1731 571 1792 letale
587 1730 698 1790 incude
713 1731 846 1791 nefanda
1100 1747 1146 1794 165

146 1827 332 1889 Produxisse
348 1848 457 1908 parum
473 1837 529 1903 est,
544 1849 637 1908 quum
653 1837 751 1889 rastra
766 1837 797 1888 et
812 1829 930 1890 sarcula
944 1839 1067 1890 tantum

147 1924 274 1985 Assueti
289 1945 418 2006 coquere
433 1935 465 1986 et
478 1926 586 1986 marris
601 1945 636 1986 ac
650 1947 774 1987 vomere
788 1927 859 1987 lassi

146 2023 303 2083 Neseirint
316 2024 407 2104 primi
422 2023 541 2104 gladios
558 2024 724 2084 extendere
740 2023 826 2084 fabri.

146 2123 322 2203 Aspicimus
336 2125 467 2203 populos
483 2142 610 2203 quorum
626 2144 688 2184 non
703 2122 814 2184 sufficit
827 2122 890 2182 irae

145 2220 303 2281 Occidisse
319 2220 460 2300 aliquem,
476 2221 530 2280 sed
545 2229 679 2300 pectora,
693 2220 826 2294 brachia,
840 2219 963 2281 vultum
1025 2244 1027 2248 ·
1100 2235 1146 2282 170

146 2318 343 2380 Crediderint
357 2336 455 2397 genus
469 2337 534 2377 esse
550 2311 618 2378 cibi.
660 2316 744 2388 Quid
760 2317 876 2377 diceret
891 2337 973 2398 erge,

143 2415 207 2475 Vel
222 2435 283 2493 quo
296 2434 359 2474 non
373 2414 503 2494 fugeret,
518 2414 544 2474 si
558 2434 640 2474 nunc
654 2415 730 2475 haec
744 2423 883 2475 monstra
897 2415 1017 2474 videret
1121 2459 1124 2464 -

143 2510 350 2591 Pythagoras,
366 2510 485 2570 cunctis
500 2511 681 2572 animalibus
696 2511 845 2572 abstinuit
860 2511 912 2590 qui

143 2600 307 2688 Tanquam
321 2606 445 2668 homine
460 2617 492 2668 et
506 2609 609 2668 ventri
622 2608 751 2668 indulsit
765 2628 828 2668 non
843 2628 934 2669 omne
947 2609 1114 2698 legumen?
