2622 4168
554 409 691 458 SATIRA
712 410 750 458 X.

146 576 180 636 N
181 585 265 637 ostra
279 576 320 638 sit
335 597 404 638 arca
418 577 493 638 foro·
536 576 598 637 Sed
613 577 699 636 nulla
714 575 836 637 aconita
849 575 1000 638 bibuntur

146 671 330 733 Fictilibus:
350 683 425 734 tunc
439 673 492 733 illa
506 673 590 746 time,
604 692 698 752 quum
712 673 824 753 pocula
837 692 939 735 sumes

147 769 313 828 Gemmata
327 778 359 830 et
374 770 438 829 lato
454 769 597 830 Setinum
611 769 732 830 ardebit
745 769 778 829 in
794 789 877 830 auro.

186 864 209 926 J
210 885 300 926 amne
313 866 410 946 igitur
423 868 539 940 laudas,
555 866 637 945 quod
652 866 691 926 de
706 866 894 946 sapientibus
908 868 987 928 alter

147 962 285 1022 Ridebat
300 963 421 1042 quoties
435 963 474 1023 de
489 962 594 1022 limine
610 973 749 1024 moverat
764 983 860 1023 unum

148 1058 386 1138 Protuleratque
400 1060 522 1138 pedem,
537 1059 631 1119 flebat
646 1060 817 1120 contrarius
831 1061 933 1121 alter?

150 1156 211 1216 Sed
227 1155 323 1215 facilis
339 1156 436 1216 cuivis
450 1156 540 1236 rigidi
555 1176 683 1218 censura
697 1157 854 1231 cachinni3

148 1252 326 1312 Mirandum
343 1251 390 1312 es't
405 1253 487 1312 unde
502 1253 554 1312 ille
570 1253 666 1313 oculis
681 1253 832 1314 suffecerit
847 1255 965 1318 humor.

149 1349 308 1430 Perpetuo
323 1349 386 1409 risu
401 1349 579 1428 pulmonem
595 1349 713 1430 agitare
728 1351 846 1412 solebat

149 1446 356 1521 Democritus,
373 1466 546 1526 quanquam
561 1467 624 1508 non
638 1450 742 1508 essent
755 1448 880 1510 urbibus
894 1450 954 1511 illis

89 1601 91 1606 ,
149 1543 319 1606 Praetexta
334 1555 366 1605 et
381 1544 514 1619 trabeae,
528 1544 634 1619 fasces,
648 1544 766 1618 lectica,
780 1545 922 1608 tribunal.
949 1545 954 1554 '

143 1642 234 1715 -Quid
250 1642 276 1703 si
291 1643 419 1704 vidisset
435 1641 615 1704 Praetorem
632 1641 770 1702 curribus
784 1642 853 1703 altis

150 1739 346 1816 Exstautem,
365 1750 397 1801 et
411 1741 514 1802 medio
529 1741 691 1801 sublimem
704 1739 737 1799 in
751 1741 877 1820 pulvere
893 1740 974 1802 Circi

150 1837 189 1897 In
205 1838 311 1899 tunica
324 1837 346 1899 J
347 1839 423 1914 ovis,
439 1847 471 1900 et
484 1838 586 1918 piotae
601 1837 732 1900 Sarrana
745 1837 895 1898 serentem
929 1863 932 1868 ’

151 1935 200 1995 Ex
215 1936 350 1997 humeris
366 1938 473 1996 aulaea
488 1946 588 2016 togae,
602 1955 795 2016 magnaeque
810 1955 940 1997 coronae

152 2032 289 2094 Tantum
305 2034 411 2094 orbern
426 2043 542 2113 quanto
556 2033 660 2093 cervix
674 2053 737 2093 non
753 2034 863 2094 sufficit
878 2033 964 2093 ulla?

138 2131 275 2212 .Quippe
292 2141 378 2192 tenet
392 2130 507 2191 sudans
520 2131 600 2191 hano
613 2129 755 2210 publicus
769 2139 810 2205 et,
825 2130 882 2191 sibi
897 2129 1012 2192 Consul

151 2228 202 2288 Ne
217 2229 347 2308 placeat,
363 2247 453 2287 curru
468 2247 574 2288 servus
588 2236 729 2308 portatur
743 2229 861 2288 eodem.

153 2324 204 2384 Da
218 2342 301 2385 nnnc
316 2332 349 2382 et
363 2324 520 2384 volucrem
535 2334 657 2404 sceptro
671 2344 749 2405 quae
764 2324 862 2406 surgit
876 2325 1001 2400 eburno,

153 2421 244 2484 Illinc
261 2421 438 2496 cornicines,
453 2421 525 2482 hinc
539 2422 757 2501 praecedentia
770 2423 856 2502 longi

153 2519 297 2600 Agminis
314 2518 421 2593 officia,
438 2527 470 2578 et
483 2518 590 2578 niveos
605 2519 644 2577 ad
657 2518 762 2579 fraena
777 2518 915 2591 Quirites

153 2615 285 2676 Defossa
299 2614 331 2674 in
346 2615 455 2675 loculis
470 2634 546 2694 quos
560 2615 697 2694 sportula
710 2614 784 2676 fecit
798 2616 921 2675 amicos.

153 2713 235 2772 Tum
252 2732 373 2793 quoque
387 2710 549 2772 materiam
563 2711 640 2772 risus
654 2711 774 2772 invenit
788 2712 828 2771 ad
843 2729 949 2772 omnes

155 2810 309 2871 Occursus
323 2811 492 2885 bominum,
508 2811 594 2890 cujus
607 2809 773 2890 prudentia
786 2816 938 2869 monstrat

155 2907 300 2968 Summos
315 2927 404 2987 posse
418 2908 500 2968 viros
515 2916 547 2966 et
561 2925 674 2985 magna
688 2907 828 2985 exempla
842 2906 968 2968 daturos

154 3003 332 3064 Verreoum
347 3004 379 3063 iu
393 3003 494 3084 patria
509 3022 669 3081 crassoque
684 3001 741 3062 sub
756 3021 824 3062 aere
838 3001 932 3063 nasci.

155 3099 294 3162 Ridebat
309 3120 396 3162 curas
410 3120 467 3160 neo
481 3118 543 3159 non
560 3108 591 3158 et
605 3098 719 3178 gaudia
733 3099 828 3179 vulgi,

155 3195 319 3257 Interdum
334 3205 366 3256 et
380 3196 529 3269 lacrimas,
544 3215 640 3275 quum
654 3194 812 3255 Fortunae
827 3195 892 3274 ipse
905 3193 1018 3256 minaci

155 3292 321 3353 Mandaret
335 3293 480 3371 laqueum
493 3291 692 3370 mediumque
707 3293 886 3352 ostenderet
900 3311 1045 3372 unguem.

196 3387 280 3468 Ergo
295 3407 484 3468 supervacua
498 3396 552 3447 aut
566 3387 737 3467 perniciosa
750 3396 908 3466 petuntur,

156 3483 289 3563 Propter
303 3505 380 3565 quae
394 3484 440 3544 fas
454 3492 501 3544 est
515 3502 617 3562 genua
629 3482 766 3544 incerare
781 3483 917 3544 deorum.

157 3580 318 3653 Quosdam
331 3580 516 3661 praecipitat
530 3577 669 3675 subjecta
682 3579 824 3659 potentia
837 3598 968 3660 magnae
