2622 4168
519 1127 681 1191 SATIRA
707 1124 784 1188 XII.

227 1320 373 1397 ATALI,
388 1322 529 1398 corvine,
544 1324 594 1384 die
608 1317 685 1383 mihi
699 1319 817 1381 dulcior
829 1319 906 1379 haec
919 1317 983 1391 lux,

254 1419 326 1492 Qua
338 1420 434 1481 festus
447 1421 596 1500 promissa
610 1419 676 1480 deis
691 1417 833 1479 animalia
847 1435 970 1496 caespes

148 1517 327 1598 Exspectat.
367 1517 503 1577 Niveam
516 1517 655 1597 Reginae
670 1516 811 1576 ducimus
825 1522 956 1594 agnam}

148 1615 212 1675 Par
224 1614 323 1675 vellus
337 1614 462 1673 dabitur
473 1614 626 1694 pugnanti
641 1613 786 1693 Gorgone
800 1610 926 1671 Maura:
966 1629 968 1634 ·

150 1712 213 1773 Sed
226 1711 334 1791 procul
348 1719 511 1772 extensum
525 1710 669 1791 petulans
684 1710 785 1789 quatit
798 1708 900 1770 hostia
913 1708 1018 1768 funem
1137 1717 1153 1764 5

149 1807 282 1888 Tarpeio
296 1817 418 1869 servata
430 1809 453 1870 J
454 1808 506 1868 ovi
519 1809 714 1887 frontemque
728 1814 868 1868 coruscat
879 1824 887 1880 ;

150 1906 274 1987 Quippe
288 1905 374 1966 ferox
388 1905 514 1980 vitulus,
528 1905 653 1986 templis
667 1913 807 1966 maturus
821 1912 854 1964 et
868 1920 938 1962 arae

151 2003 409 2084 spargendusque
424 2024 517 2079 mero,
532 2024 624 2084 quem
638 2003 705 2082 jam
717 1999 816 2083 pudet
829 2001 924 2062 ubera
936 1998 1044 2060 matris

148 2099 280 2174 Ducere,
296 2101 349 2180 qui
363 2110 457 2161 vexat
471 2101 611 2162 nascenti
624 2100 735 2161 robora
749 2119 853 2160 cornu.

151 2195 247 2264 Sires
262 2198 364 2277 ampla
379 2197 464 2258 domi
478 2198 646 2277 similisque
661 2195 820 2257 affectibus
835 2203 924 2269 esset,
1124 2205 1154 2252 10

150 2293 301 2374 Pinguior
315 2294 459 2375 Hispulla
473 2297 648 2356 traheretur
661 2304 768 2355 taurus
782 2303 814 2354 et
827 2293 894 2373 ipsa

150 2389 234 2450 Mole
248 2391 345 2472 piger,
359 2414 416 2454 nec
430 2394 562 2454 finitima
575 2394 709 2454 nutritus
724 2393 756 2453 in
769 2393 873 2466 herba,

150 2485 248 2548 Laeta
261 2489 316 2549 sed
331 2491 499 2556 ostendens¹
512 2489 662 2552 Clitumni
676 2509 790 2570 pascua
804 2488 928 2569 sanguis

150 2582 224 2659 Iret,
239 2593 271 2646 et
286 2605 304 2646 a
317 2588 428 2667 grandi
443 2587 699 2649 ceruix-ferienda
712 2587 861 2660 ministro,

151 2681 201 2742 Ob
215 2683 350 2744 reditum
364 2686 549 2766 trepidantis
563 2687 664 2756 adhuc
677 2684 893 2763 horrendaque
907 2682 989 2763 passi
1125 2697 1156 2744 15

150 2778 262 2858 Nuper
276 2790 309 2842 et
322 2783 510 2844 incolumem
524 2803 590 2868 sese
604 2781 745 2843 mirantis
760 2781 859 2842 amici.

151 2875 236 2937 Nam
249 2889 372 2957 praeter
385 2879 488 2960 pelagi
502 2899 590 2940 casus
605 2889 636 2940 et
650 2878 778 2959 fulguris
792 2879 872 2938 ictus

151 2972 271 3034 Evasit.
311 2974 434 3037 Densae
449 2977 567 3038 caelum
582 2977 768 3038 abscondere
782 2977 928 3036 tenebrae

151 3068 245 3130 Nube
260 3091 321 3131 una
335 3074 515 3154 subitusque
531 3083 681 3134 antennas
695 3068 818 3154 impulit
832 3073 922 3154 ignis,

153 3165 259 3237 Quum
273 3189 305 3229 se
320 3170 447 3251 quisque
461 3172 514 3231 illo
528 3191 707 3252 percussum
722 3171 861 3231 crederet
875 3179 907 3230 et
921 3190 993 3231 mox
1126 3182 1158 3228 20

152 3262 318 3327 Attonitus
332 3269 451 3328 nullum
466 3268 595 3328 conferri
608 3287 699 3347 posse
712 3276 836 3348 putaret

153 3358 359 3443 Naufragium
373 3365 449 3425 velis
463 3364 650 3424 ardentibus.
691 3363 803 3424 Omnia
816 3363 896 3423 fiunt

153 3460 250 3534 Talia,
264 3470 329 3521 tam
342 3461 487 3540 graviter,
502 3461 526 3520 si
541 3461 664 3540 quando
678 3462 800 3539 poetica
814 3459 912 3540 surgit

154 3557 344 3638 Tempestas.
385 3556 490 3618 Genus
504 3575 575 3617 ecce
590 3557 673 3616 aliud
687 3556 887 3631 discriminis3
908 3555 980 3615 audi

648 3671 665 3720 5
