2622 4168
345 413 353 424 .
428 381 463 429 D.
487 377 591 428 turm
612 373 819 427 JUVENALIS

481 1122 646 1188 SATIRA
671 1121 764 1184 XIII.

122 1319 374 1463 EXEMPLO
390 1320 597 1400 quodcunque
611 1319 693 1379 malo
714 1315 920 1379 committitur
933 1313 991 1394 ipsi

222 1417 375 1497 DispIIcet
391 1417 519 1478 auctori.
560 1416 667 1475 Prima
682 1425 729 1476 est
743 1415 820 1474 haec
835 1413 921 1487 ulti0,
932 1410 1014 1492 quod
1030 1429 1062 1472 se

120 1515 140 1575 J
143 1515 231 1574 udioe
246 1534 337 1574 nemo
352 1533 466 1574 nocens
482 1513 661 1586 absolvitur,
675 1512 817 1592 improba
830 1509 972 1590 quamvis

122 1611 229 1672 Gratia
242 1611 343 1672 fallaci
358 1610 515 1671 Praetoris
529 1609 638 1670 vicerit
652 1629 736 1668 urna.

123 1707 207 1780 Quid
222 1709 334 1768 sentire
349 1717 439 1787 putas
456 1726 570 1779 omnes,
587 1705 725 1779 Oalvine,
739 1704 857 1765 recenti

123 1805 172 1864 De
187 1805 299 1865 scelere
314 1813 346 1864 et
360 1803 433 1863 fidei
449 1803 584 1863 violatae
600 1802 752 1862 crimine?
793 1801 855 1862 Sed
870 1820 928 1861 nec

124 1902 202 1961 Tam
217 1901 319 1960 tenuis
333 1919 443 1961 census
457 1900 515 1959 tibi
530 1899 661 1978 contigit
676 1909 712 1958 ut'
725 1899 889 1959 mediocris
999 1894 1003 1900 ’

124 1998 146 2059 J
147 2007 270 2058 acturae
285 2006 317 2056 te
331 2004 452 2076 mergat
467 2017 553 2070 onus,
569 2015 627 2056 nec
641 2016 710 2056 rara
724 1997 867 2056 videmus

126 2094 214 2167 Quae
228 2095 351 2174 pateris.
367 2129 370 2135 ·
395 2094 492 2155 Casus
507 2093 612 2153 multis
627 2093 678 2154 hic
693 2094 836 2173 cognitus
851 2114 887 2154 ac
902 2093 969 2173 jam

124 2192 232 2252 Tritus
247 2201 278 2252 et
293 2212 309 2252 e
324 2181 427 2252 medio
441 2183 584 2252 fortunae
601 2191 714 2250 ductus
729 2211 848 2252 acervo.
1099 2204 1129 2250 10

126 2289 284 2349 Ponamus
298 2288 409 2349 nimios
425 2289 577 2368 gemitus3
598 2288 777 2367 flagrantior
792 2309 890 2367 aequo

108 2367 202 2446 'Non
217 2385 310 2445 debet
325 2386 413 2445 dolor
429 2405 494 2446 esse
508 2385 567 2445 viri
582 2405 640 2444 nec
654 2386 781 2445 vulnere
796 2388 901 2466 major.

129 2482 177 2541 Tu
193 2483 332 2562 quamvis
346 2482 461 2542 levium
476 2481 636 2541 minimam
651 2482 856 2562 exiguamque
871 2484 1021 2544 malorum

48 2652 50 2657 Ι
129 2579 317 2638 Particulam
331 2579 384 2638 vix
398 2579 476 2640 ferre
491 2588 589 2657 potes,
606 2580 821 2658 spumantibus
842 2580 952 2640 ardens

129 2676 307 2737 Visceribus
322 2695 441 2736 sacrum
455 2676 513 2736 tibi
528 2677 611 2757 quod
627 2696 689 2736 non
704 2676 816 2736 reddat
831 2678 946 2738 amicus
1101 2691 1132 2734 15

129 2772 339 2851 Depositum?
361 2781 466 2853 stupet
480 2773 557 2834 haec
572 2774 625 2855 qui
641 2775 707 2855 jam
722 2785 793 2855 post
807 2785 895 2855 terga
910 2775 1033 2856 reliquit

131 2868 299 2947 Sexaginta
314 2888 418 2942 annos,
434 2869 567 2931 Fonteio
585 2872 718 2933 Consule
738 2873 854 2932 natus?

130 2965 183 3024 An
197 2965 273 3024 nihil
287 2964 319 3025 in
334 2965 442 3024 melius
459 2974 508 3025 tot
523 2987 628 3037 rerum
640 2969 763 3048 proficis
778 2965 861 3028 usu?
912 3015 913 3020 1

130 3061 247 3140 Magna
262 3061 394 3140 quidem,
411 3064 505 3124 sacris
521 3085 599 3144 quae
615 3066 669 3125 dat
684 3075 848 3144 praecepta
862 3065 981 3140 libellis,

130 3158 254 3219 Victrix
268 3158 408 3220 fortunae
425 3162 593 3242 sapientia:
616 3163 756 3222 ducimus
772 3172 875 3223 autem
1103 3176 1135 3220 20

131 3255 198 3314 Hos
213 3246 334 3337 quoque
349 3259 452 3320 felices
468 3259 612 3340 quisenta
627 3258 823 3319 incommoda
838 3259 921 3319 vitae

131 3352 164 3411 N
166 3373 200 3414 eo
215 3354 335 3434 jactare
353 3358 465 3437 jugum
480 3357 545 3416 vita
560 3355 695 3414 didicere
711 3356 866 3435 magistra.

133 3450 220 3523 Quae
235 3463 300 3514 tam
314 3455 393 3515 festa
407 3455 473 3514 dies
487 3461 522 3512 ut
536 3461 634 3512 cesset
649 3451 897 3530 productorem,

133 3549 309 3626 Perfidiam,
323 3551 454 3625 fraudes,
470 3559 561 3628 atque
576 3548 661 3608 omni
675 3567 713 3607 ex
727 3548 854 3608 crimine
868 3549 987 3610 lucrum
1005 3558 1007 3562 ’
