2622 4168
531 409 669 460 SATIRA
690 411 770 458 vn..

39 589 44 596 '
147 581 215 642 Hos
228 581 311 642 inter
325 588 465 660 sumptus
479 578 622 640 sestertia
637 577 830 649 Quintiliano

147 679 195 741 Ut
209 678 344 738 multum
358 677 420 737 duo
434 676 602 737 sufficient:
624 694 673 735 res
686 675 771 734 nulla
785 673 909 735 minoris

148 774 312 837 Constabit
326 774 407 854 patri
421 793 513 852 quam
527 773 616 832 filius.
656 771 779 833 “Unde
793 771 889 852 igitur
902 780 951 832 tot

148 871 358 947 Quintilianus
372 870 466 931 hahet
481 872 575 930 saltus
584 868 620 930 ?’'
661 868 812 949 Exempla
827 867 976 930 no'vorum

147 971 298 1032 Fatorum
311 967 415 1028 transi.
457 967 546 1026 Felix
562 977 594 1026 et
607 966 735 1046 pulcher
749 976 781 1027 et
795 985 873 1040 acer,
1104 978 1150 1025 190

148 1069 238 1128 Felix
252 1076 284 1128 et
299 1065 419 1146 sapiens
434 1072 466 1124 et
480 1063 591 1123 nobilis
605 1073 637 1124 et
650 1082 818 1142 generosus
850 1089 852 1094 ¹

147 1165 334 1246 Appositum
348 1161 454 1242 nigrae
468 1161 573 1220 lunam
589 1159 726 1220 subtexit
740 1159 862 1234 alutae3

147 1261 237 1322 Felix
253 1268 356 1322 orator
370 1278 492 1338 quoque
506 1257 657 1317 maximus
672 1266 704 1317 et
712 1257 883 1337 jaculator3

147 1358 231 1418 Etsi
244 1356 393 1437 perfrixit,
409 1364 514 1416 cantat
528 1354 616 1414 bene.
657 1352 763 1414 Distat
777 1353 859 1412 enim
874 1371 951 1432 quae
995 1347 1001 1358 ”

149 1455 258 1516 Sidera
272 1463 304 1514 te
319 1453 473 1532 excipiant
487 1451 581 1512 modo
595 1451 711 1531 primos
724 1451 923 1530 incipientem
1104 1463 1150 1509 195

147 1551 249 1610 Edere
264 1548 389 1631 vagitus
404 1558 436 1609 et
450 1549 551 1608 adhuc
566 1567 584 1607 a
598 1556 695 1607 matre
709 1548 882 1608 rubentem.

148 1648 337 1709 siracono
351 1647 444 1720 volet,
458 1646 514 1706 fies
529 1645 568 1705 de
582 1646 705 1704 rhetore
721 1644 856 1719 Oonsu13

149 1745 182 1806 Si
196 1745 282 1804 volet
295 1745 372 1803 haec
386 1743 504 1816 eadem,
518 1741 573 1802 fies
588 1741 626 1801 de
642 1741 775 1802 Consule
789 1740 902 1801 rhetor.

147 1841 316 1902 Ventidius
331 1838 407 1920 quid
421 1838 528 1898 enim?
549 1837 624 1917 quid
639 1837 784 1897 Tullius?
805 1856 885 1896 anne
900 1837 981 1898 aliud
998 1857 1091 1918 quam

149 1937 241 1998 Sidus
256 1946 288 1997 et
302 1936 417 1998 occulti
431 1934 572 1996 miranda
586 1933 727 2013 potentia
740 1933 820 1994 fati?
1103 1949 1150 1996 200

149 2034 253 2096 Servis
268 2053 363 2114 regna
377 2033 505 2106 dabunt,
520 2031 650 2112 captivis
664 2032 728 2091 fata
742 2031 922 2111 triumphos.

147 2131 239 2192 Felix
252 2131 304 2190 ille
319 2139 423 2190 tamen
438 2149 531 2189 corvo
546 2113 673 2208 quoque
682 2127 777 2188 rarior
791 2129 870 2189 albo.

46 2283 49 2288 .
147 2227 309 2290 Poenituit
322 2229 437 2287 multos
452 2245 549 2286 vanae
564 2225 736 2304 sterilisque
750 2226 925 2300 cathedrae,

149 2327 237 2388 Sicut
251 2325 475 2405 Thrasymachi
491 2325 604 2404 probat
620 2323 721 2384 exitus
735 2334 828 2403 atque
844 2325 978 2386 Secundi

148 2423 316 2485 Carinatis:
338 2432 370 2482 et
384 2423 467 2482 hunc
481 2422 606 2501 inopem
621 2420 752 2495 vidistis,
766 2421 919 2496 Athenae,
1102 2437 1150 2484 acu

147 2521 203 2581 Nil
218 2528 340 2599 praeter
353 2518 472 2599 gelidas
488 2537 579 2578 ausae
595 2518 732 2578 conferre
748 2518 872 2579 cicutas.
916 2577 926 2594 ,

146 2617 190 2678 Di
204 2618 355 2697 majorum
370 2615 486 2676 umbris
500 2624 626 2675 tenuem
641 2624 673 2676 et
687 2615 752 2675 sine
766 2615 902 2694 pondere
916 2584 1031 2677 thrram

148 2716 367 2796 spirantesque
383 2734 489 2776 crocos
504 2722 535 2773 ct
553 2713 585 2772 in
600 2732 678 2772 urna
691 2721 874 2792 perpetuum
888 2733 951 2788 ver,

148 2811 211 2885 Qui
225 2821 456 2892 praeceptorem
471 2810 569 2871 sancti
583 2810 709 2869 voluere
723 2809 859 2888 parentis

146 2909 223 2970 Esse
238 2910 315 2971 loco.
357 2907 503 2969 Metuens
517 2908 622 2987 virgae
637 2907 704 2986 jam
718 2906 843 2986 grandis
858 2907 996 2969 Achilles
1103 2923 1150 2968 210

148 3006 303 3068 Oantahat
318 3007 424 3087 patriis
439 3007 471 3068 in
485 3004 659 3078 montibhs3
680 3012 712 3064 et
727 3003 776 3064 oui
790 3025 851 3064 uon
866 3014 942 3066 tuuc

146 3102 283 3165 Eliceret
299 3105 394 3165 risum
409 3090 579 3166 citharoedi
595 3100 694 3162 cauda
707 3101 871 3181 magistri?

138 3195 212 3263 'Sed
227 3201 343 3262 Rufum
358 3211 449 3281 atque
465 3201 540 3260 alios
555 3197 657 3258 caedit
671 3217 726 3258 sua
740 3217 891 3277 quemque
901 3198 1059 3278 juventus,

147 3299 264 3359 Rufum
281 3299 334 3379 qni
348 3298 441 3358 toties
457 3297 638 3358 Ciceronem
652 3294 823 3374 Allobroga
837 3294 925 3355 dixit.

188 3394 266 3468 Quis
280 3395 399 3475 gremio
413 3390 563 3453 Enceladi
577 3389 721 3470 doctique
736 3390 932 3450 Palaemonis
947 3389 1034 3450 affert
1102 3405 1149 3450 215

148 3491 309 3565 Quantum
323 3489 543 3572 grammaticus
556 3487 669 3546 meruit
682 3487 793 3546 labor?
814 3495 845 3546 et
859 3496 964 3547 tamen
979 3505 1017 3546 ex
1031 3487 1090 3548 hoc

149 3588 364 3670 Quodcunque
379 3598 426 3648 est
443 3585 558 3667 (minus
572 3591 619 3644 est
634 3592 736 3643 autem
751 3601 843 3662 quam
858 3582 988 3643 rhetoris
1003 3578 1086 3663 aera)
