2622 4168
544 399 678 452 SATIRA
707 402 774 449 XII.

127 584 129 588 '
155 573 173 634 Ι
188 592 270 657 nunc
286 579 318 632 et
332 568 434 631 ventis
448 568 582 629 animam
597 568 756 630 committe
771 567 877 628 dolato

156 670 298 732 Confisus
307 667 407 749 ligno,
422 667 528 746 digitis
542 685 560 726 a
575 674 674 726 morte
688 673 825 724 remotus

156 769 298 841 Quatuor
313 774 366 825 aut
382 773 509 842 septem,
524 763 550 822 si
563 761 604 822 sit
617 761 765 822 latissima
779 760 881 821 taeda.
989 770 991 775 '

155 865 232 926 Mox
246 885 316 924 curn
331 859 467 922 reticulis
483 868 514 919 et
529 877 608 938 pane
624 867 656 918 et
670 866 778 917 ventre
792 858 921 938 lagenae
1130 869 1162 916 60

155 962 269 1042 Aspice
284 958 448 1020 sumendas
462 956 495 1016 in
511 964 696 1034 tempestate
712 949 841 1014 secures.

157 1060 219 1120 Sed
233 1070 396 1139 postquam
411 1054 510 1135 jacuit
526 1054 654 1132 planum
669 1070 761 1124 mare,
775 1061 916 1130 tempora
928 1061 1094 1132 postquam

155 1155 308 1235 Prospera
320 1153 454 1215 vectoris
468 1152 627 1228 fatumque
643 1146 796 1208 valentius
810 1146 895 1208 Euro

155 1251 198 1312 Et
211 1253 331 1333 pelago,
345 1259 508 1331 postquam
524 1248 641 1307 Parcae
657 1243 785 1304 meliora
797 1243 932 1323 benigna

155 1349 258 1409 Pensa
272 1368 364 1408 manu
379 1349 499 1408 ducunt
511 1345 624 1405 hilares
639 1353 672 1403 et
689 1340 828 1402 staminis
843 1342 905 1402 albi
1131 1355 1162 1404 65

156 1446 318 1519 Lanificae,
331 1444 454 1504 modica
468 1463 524 1504 nec
537 1442 671 1501 multum
688 1438 796 1500 fortior
810 1457 896 1498 aura

156 1543 279 1604 Ventus
294 1544 390 1617 adest,
405 1541 489 1621 inopi
503 1540 683 1600 miserabilis
699 1546 765 1598 arte
781 1536 916 1597 cucurrit

121 1655 122 1660 ’
156 1640 305 1703 Vestibus
320 1640 454 1700 extentis
469 1649 509 1713 et,
525 1639 608 1718 quod
623 1643 822 1716 superaverat
837 1653 941 1708 unum,

157 1737 238 1800 Volo
252 1746 343 1818 prora
357 1757 421 1798 suo.
460 1736 483 1797 J
484 1755 532 1795 am
547 1733 762 1795 deficientibus
776 1731 902 1792 Austris

159 1835 236 1915 Spes
249 1835 333 1896 vitae
348 1855 418 1895 cum
432 1834 496 1894 sole
509 1833 607 1893 redit:
630 1840 698 1891 tum
711 1841 819 1911 gratus
834 1828 913 1904 Iule,

101 1961 109 1976 ·
156 1933 261 2013 Atque
275 1930 429 1992 novercali
444 1931 532 1991 sedes
546 1930 682 2010 praelata
696 1928 825 2002 Lavin0,

157 2029 353 2110 Conspicitur
368 2027 505 2088 sublimis
520 2046 606 2107 apex,
622 2026 672 2087 cui
685 2026 818 2087 candida
833 2045 947 2090 nomen

157 2126 264 2187 Scrofa
278 2125 373 2199 dedit,
386 2124 475 2184 laetis
489 2124 666 2204 Phrygibus
681 2121 820 2184 mirabile
837 2145 954 2200 sumen,

155 2222 198 2284 Et
211 2242 369 2303 nunquam
383 2221 455 2282 visis
469 2221 602 2302 triginta
611 2222 693 2281 clara
707 2221 859 2283 mamillis

155 2320 296 2380 Tandem
309 2319 405 2379 intrat
418 2319 535 2398 positas
548 2319 665 2378 inclusa
679 2338 734 2398 per
750 2339 884 2398 aequora
897 2321 994 2381 moles

154 2417 409 2495 Tyrrhenamque
423 2415 547 2474 Pharon
561 2425 763 2495 porrectaque
777 2417 902 2476 brachia
916 2437 1045 2492 rursum,

155 2513 243 2585 Quae
258 2513 368 2592 pelago
383 2523 547 2572 occurrunt
561 2513 663 2574 medio
678 2515 833 2595 longeque
847 2514 1026 2592 relinquunt

153 2610 278 2671 ltaliam
287 2645 326 2696 7-
335 2631 397 2669 non
412 2609 564 2690 sicigitur
579 2611 728 2672 mirabere
743 2623 851 2692 portus

154 2708 240 2780 Quos
254 2719 364 2769 natura
378 2707 575 2768 dedit--sed
590 2719 701 2770 trunca
714 2730 818 2791 puppe
834 2708 980 2788 magister

152 2804 305 2865 Interiora
317 2804 396 2884 petit
410 2804 544 2864 Baianae
560 2809 668 2886 pervia
683 2808 811 2887 cymbae

152 2901 229 2962 Tuti
243 2911 352 2981 stagna
366 2901 457 2976 sinus,
472 2905 612 2982 gaudent
628 2903 680 2964 ubi
696 2905 811 2965 vertice
825 2922 894 2963 raso

152 2997 282 3058 Garrula
295 2997 393 3057 securi
407 3019 530 3060 narrare
547 3001 683 3080 pericula
697 3011 819 3061 nautae.

151 3097 200 3155 Ite
215 3094 317 3174 igitur,
331 3096 426 3173 pueri,
445 3097 557 3177 linguis
573 3097 742 3177 animisque
756 3098 904 3172 faventes,
984 3098 993 3110 “

153 3190 301 3270 Sertaque
317 3192 452 3255 delubris
469 3207 500 3256 et
515 3180 595 3255 far'ra
608 3194 758 3274 imponite
774 3195 879 3254 cultris

150 3287 200 3348 Ac
214 3288 322 3349 molles
338 3303 446 3351 ornate
461 3291 546 3351 focos
560 3291 744 3370 glebamque
759 3291 920 3351 virentem.

149 3384 171 3446 J
173 3405 222 3446 am
236 3407 347 3467 sequar
364 3398 404 3462 et,
419 3407 506 3448 sacro
522 3387 605 3468 quod
619 3396 757 3467 praestat
770 3388 829 3446 rite
843 3396 978 3466 peracto,

149 3482 229 3545 Inde
246 3487 374 3546 domum
388 3493 536 3564 repetam,
550 3485 680 3563 graciles
695 3483 748 3543 ubi
762 3503 856 3562 parva
871 3501 998 3544 coronas

111 3580 113 3585 ’
150 3583 324 3665 Accipiunt
339 3581 440 3662 fragili
454 3581 616 3641 simulacra
630 3579 762 3641 nitentia
776 3599 854 3642 cera.
