2622 4168
494 409 631 460 SATIRA
652 412 733 460 VIII.

106 578 236 659 Sipario,
252 579 421 641 clamosum
433 596 541 660 ageres
555 587 591 639 ut
605 578 741 640 Phasma
756 578 890 640 Catulli:

105 675 292 736 Laureolum
305 676 398 737 velox
412 676 507 736 etiam
520 676 600 736 bene
614 675 765 736 Lentulus
779 676 852 756 egit,

104 772 127 834 J
128 773 217 834 udice
231 791 281 833 me
296 772 411 853 dignus
425 791 499 833 vera
513 791 612 834 cruce.
652 771 721 833 Nec
734 782 839 833 tamen
852 773 912 854 ipsi

106 868 253 948 Ignoscas
266 870 400 951 populo:
421 869 529 949 populi
542 855 627 930 frons
641 869 746 928 durior
759 869 859 948 hujus,

107 967 170 1038 Qui
183 968 271 1029 sedet
286 977 317 1028 et
332 975 453 1048 spectat
468 966 624 1026 triscurria
637 966 845 1046 patriciorum,
1066 979 1113 1028 190

106 1063 292 1145 Planipedes
307 1064 394 1126 audit
410 1063 533 1136 Fabios,
547 1063 648 1123 ridere
662 1072 766 1142 potest
781 1063 834 1144 qui
1035 1140 1044 1152 ἡ

105 1161 332 1223 Mamercorum
346 1162 458 1242 alapas.
501 1158 621 1232 Quanti
635 1179 690 1220 sua
703 1160 811 1220 funera
824 1159 963 1221 vendant

106 1257 191 1328 Quid
205 1259 322 1318 refert?
362 1258 516 1320 Vendunt
531 1257 618 1316 nullo
633 1266 764 1336 cogente
778 1257 914 1332 Nerone,

105 1355 175 1414 Nec
189 1357 333 1417 dubitant
348 1356 420 1418 celsi
434 1355 593 1416 Praetoris
609 1355 744 1415 vendere
758 1354 848 1415 ludis.

105 1452 207 1531 Finge
221 1461 325 1514 tamen
339 1454 459 1532 gladios
473 1454 554 1528 inde,
571 1463 664 1533 atque
679 1452 751 1512 hinc
766 1452 886 1532 pulpita
899 1471 996 1532 pone:
1065 1465 1112 1514 195

106 1548 192 1621 Quid
206 1550 325 1610 satius?
346 1549 481 1611 Mortem
496 1551 539 1612 sic
555 1551 717 1632 quisquam
732 1549 890 1610 exhorruit
904 1560 939 1610 ut
953 1549 993 1611 sit

106 1646 275 1726 Zelotypus
289 1647 465 1729 Thymeles,
479 1649 595 1728 stupidi
612 1650 731 1730 collega
746 1647 913 1710 Corinthi?

105 1744 171 1805 Res
184 1745 268 1805 haud
281 1745 358 1806 mira
372 1755 477 1806 tamen
492 1747 672 1808 citharoedo
687 1746 832 1827 Principe
846 1746 957 1806 mimus

105 1841 238 1903 Nobilis.
277 1842 366 1904 Haeo
379 1843 461 1903 ultra
474 1843 551 1924 quid
566 1844 624 1906 crit
638 1844 697 1906 nisi
711 1844 825 1906 ludus?
865 1843 909 1904 Et
921 1843 999 1903 illud

104 1937 250 2000 Dedecus
264 1938 485 2016 Urbishabes;
508 1961 565 2002 nco
579 1941 773 2003 mirmillonis
786 1941 818 2001 in
833 1941 933 2015 annis,
1066 1954 1112 2000 aco

104 2034 175 2096 Nec
189 2036 287 2116 clipeo
302 2036 476 2098 Gracchum
490 2048 682 2118 pugnantem
698 2048 752 2099 aut
765 2039 843 2100 falce
858 2038 976 2117 supina,

108 2131 260 2210 (Damnat
274 2133 357 2194 enim
371 2134 449 2196 tales
464 2135 605 2210 habitus3
626 2145 658 2197 et
673 2135 800 2195 damnat
814 2143 846 2195 et
860 2134 941 2213 odit)

104 2229 175 2290 Nec
187 2231 278 2310 galea
290 2230 400 2291 faciem
414 2231 597 2307 abscondit;
618 2241 724 2292 movet
739 2252 808 2294 ecce
823 2230 1010 2305 tridentem

104 2324 276 2406 Postquam
288 2326 399 2388 librata
413 2328 584 2407 pendentia
597 2331 675 2390 retia
689 2330 800 2390 dextra

104 2421 326 2503 Nequidquam
339 2423 456 2498 effudit,
471 2425 590 2486 nudum
604 2427 644 2486 ad
658 2425 833 2506 spectacula
847 2415 971 2485 vultum
1064 2437 1111 2485 205

104 2518 207 2598 Erigit
221 2528 253 2579 et
266 2527 334 2580 tota
346 2519 426 2600 fugit
442 2523 656 2601 agnoscendus
670 2543 771 2585 arena.
1094 2539 1100 2554 ¹

106 2616 275 2678 Credamus
289 2616 421 2691 tunicae,
436 2618 476 2679 de
490 2619 630 2682 faucibus
644 2641 736 2681 aurea
750 2599 844 2701 quum
858 2640 891 2688 se

38 2714 44 2724 '
104 2712 250 2793 Porrigat
264 2722 295 2773 et
309 2714 403 2793 longo
419 2714 558 2794 jactetur
572 2718 654 2798 spira
666 2719 779 2798 galero.

104 2809 190 2889 Ergo
203 2810 403 2890 ignominiam
417 2813 594 2892 graviorem
607 2815 736 2896 pertulit
750 2815 833 2876 onrni

104 2905 242 2967 Vulnere
257 2926 326 2967 cum
340 2907 481 2970 Graccho
498 2911 603 2990 jussus
617 2933 755 2993 pugnare
770 2921 899 2976 secutor.
1060 2923 1108 2971 210

144 3002 255 3063 Libera
269 3003 295 3064 si
309 3004 422 3066 dentur
437 3011 552 3088 populo
567 3010 719 3090 suffragia,
735 3011 801 3091 quis
815 3021 880 3074 tam

103 3098 250 3160 Perditus
263 3109 299 3161 ut
314 3101 437 3166 dubitet
453 3105 604 3168 Senecam
618 3108 769 3188 praeferre
783 3108 927 3170 Neroni?

105 3196 200 3276 Cujus
215 3199 364 3278 supplicio
379 3196 442 3265 non
457 3205 566 3267 debuit
580 3224 642 3266 una
655 3204 757 3286 parari

104 3293 208 3374 Simia,
223 3316 280 3357 nec
295 3320 421 3382 serpens
434 3323 523 3378 unua,
536 3324 594 3366 uec
608 3306 713 3365 culeus
724 3323 813 3365 unus.

103 3390 166 3450 Par
179 3391 466 3474 Agamemnonidae
482 3400 596 3461 crimen
609 3421 617 3476 ;
639 3402 693 3462 sed
709 3420 800 3461 causa
812 3399 887 3461 facit
900 3421 965 3462 rem
1059 3415 1108 3462 215

101 3488 310 3571 Dissimilem
331 3495 444 3575 quippe
458 3495 510 3556 ille
526 3497 592 3558 deis
607 3497 782 3559 auctoribus
797 3497 880 3557 ultor

103 3586 207 3651 Patris
222 3600 287 3652 erat
301 3592 381 3653 caesi
395 3592 498 3652 media
511 3593 592 3654 inter
605 3594 724 3674 pocula,
742 3594 796 3655 sed
810 3613 868 3656 nec
