2622 4168
567 400 704 454 sarran
725 382 781 450 111'.

169 577 228 639 Ille
243 574 334 636 metit
347 559 485 648 barbam,
500 570 616 632 crinem
630 569 681 630 hio
695 566 823 648 deponit
838 565 951 638 amati;

169 674 269 734 Plena
282 657 392 732 domus
405 669 475 729 libis
489 665 666 728 venalibus!
708 663 825 742 Accipe
840 670 872 722 et
884 660 970 722 istud

170 771 372 832 Fermentum
385 765 443 826 tibi
456 766 555 826 habe:
575 772 730 843 praestare
745 760 861 821 tributa
875 757 1002 818 clientes

172 869 320 949 Cogimur
334 874 366 927 et
380 863 471 926 cultis
486 879 599 941 augere
613 858 735 939 peculia
748 855 857 917 servis.'

212 965 295 1038 Quis
303 964 393 1024 timet
407 969 461 1022 aut
475 957 582 1021 timuit
595 956 699 1036 gelida
713 951 1015 1012 Praeneste-ruinam
1129 961 1176 1008 190

171 1065 239 1125 Aut
252 1061 361 1142 positis
374 1076 536 1121 nemorosa
549 1055 633 1116 inter
648 1053 727 1132 juga
739 1049 898 1122 Volsiniis,
913 1056 968 1108 aut

174 1149 369 1238 Simplioibus¹
383 1157 497 1232 Gabiis,
512 1162 565 1214 aut
579 1149 669 1232 proni
684 1146 807 1208 Tiburis
821 1145 914 1206 aree?

173 1255 241 1316 Nos
254 1256 363 1316 urbem
376 1254 503 1315 solimus
516 1249 604 1312 tenui
618 1246 744 1310 tibicine
757 1244 868 1336 fultam

173 1352 290 1432 Magna
303 1361 390 1432 parte
406 1351 471 1424 sui3
491 1369 565 1410 nam
579 1347 622 1408 sio
635 1343 810 1406 labentibus
826 1341 928 1400 obstat

174 1450 306 1511 Villious
320 1458 353 1508 et
366 1449 479 1509 veteris
493 1447 588 1526 rimae
603 1441 742 1521 contexit
757 1438 885 1512 hiatum,

176 1539 306 1608 Securos
319 1546 475 1625 pendente
487 1545 579 1624 jubet
593 1539 727 1602 dormire
741 1537 838 1596 ruina.

174 1644 356 1705 Vivendum
370 1643 495 1704 estillic
510 1641 562 1702 ubi
576 1639 661 1700 nulla
673 1635 826 1708 incendia,
840 1631 918 1692 nulli

175 1741 278 1802 Noeta
291 1749 402 1813 metus.
442 1739 463 1800 J
465 1734 515 1800 arn
528 1737 628 1821 possit
642 1753 761 1814 aquam,
773 1733 842 1812 jam
855 1729 966 1790 frivola
980 1726 1125 1788 transfert

175 1837 337 1918 Ucalegon
349 1857 357 1911 ;
373 1837 517 1896 'tabulata
530 1834 588 1895 tibi
597 1833 662 1912 jam
677 1831 771 1891 tertia
784 1830 925 1900 fumant3

176 1936 225 1995 Tu
239 1935 338 1996 neseis
352 1954 358 1993 :
378 1953 450 1994 uam
465 1933 490 1996 si
503 1931 649 2012 gradibus
663 1928 837 2010 trepidatur
852 1927 890 1988 ab
904 1925 983 2001 imis,
1131 1936 1178 1983 200

175 2031 316 2093 Ultimus
331 2031 450 2115 ardebit
465 2049 557 2108 quem
570 2027 676 2107 tegula
690 2027 755 2086 sola
768 2035 876 2086 tuetur

103 2147 105 2150 ·
175 2130 208 2187 A
220 2127 334 2208 pluvia,
348 2127 456 2188 molles
470 2126 522 2188 ubi
537 2125 672 2186 reddunt
687 2143 746 2184 ova
760 2121 930 2183 columbae.

176 2223 290 2284 Lectus
304 2232 370 2288 erat
386 2223 488 2284 Codro
503 2222 635 2283 Procula
649 2221 758 2294 minor,
772 2221 888 2280 urceoli
903 2239 965 2296 sex,

177 2321 403 2380 Ornamentum
416 2318 519 2392 abaoi;
540 2338 596 2378 nee
610 2338 671 2379 non
687 2327 720 2378 et
733 2319 880 2397 parvulus
894 2317 973 2378 infra

178 2417 352 2479 Cantharus
366 2425 398 2475 et
411 2415 559 2476 reoubans
574 2415 630 2476 sub
645 2415 755 2475 eodem
770 2435 922 2476 marmore
938 2413 1072 2487 Cbiron3
1131 2426 1178 2471 205

176 2513 308 2592 Jamque
322 2521 412 2572 vetus
426 2511 560 2584 Graecos
575 2513 717 2572 servabat
731 2513 809 2574 cista
822 2512 950 2584 libellos,

176 2611 219 2670 Et
234 2609 340 2670 divina
353 2609 434 2688 opioi
446 2609 597 2669 rodebant
612 2611 747 2670 earmina
760 2631 871 2670 mures.

177 2707 232 2768 Nil
246 2705 355 2766 habuit
370 2705 505 2766 Codrus:
528 2705 595 2784 quia
609 2707 692 2768 enim
707 2709 825 2787 negat?
848 2715 880 2767 et
893 2715 998 2767 tamen
1013 2703 1090 2764 illud

68 2829 71 2834 ·
178 2803 321 2863 Perdidit
334 2801 440 2862 infelix
455 2810 556 2862 totum
570 2803 666 2864 nihil:
689 2805 817 2866 ultimus
831 2814 935 2864 autem

177 2901 354 2960 Aerumnae
369 2899 517 2973 cumulus,
533 2903 617 2979 quod
632 2903 751 2968 nudum
767 2911 799 2962 et
813 2903 910 2962 snrsta
924 2906 1087 2979 rogantem
1133 2909 1179 2954 210

177 2995 286 3057 Nemo·
296 2996 372 3070 cibo,
388 2995 479 3056 nemo
494 2997 628 3078 bospitio
643 3009 789 3078 tectoque
803 2998 937 3078 juvabit.

178 3092 212 3154 Si
231 3112 345 3172 magua
357 3093 496 3154 Asturioi
512 3096 624 3156 eeoidit
639 3096 758 3169 domus,
772 3094 897 3156 horrida
910 3101 1017 3166 mater,

176 3188 294 3248 Pullati
307 3208 457 3267 proceres,
473 3190 576 3250 differt
590 3190 768 3250 vadimonia
780 3198 923 3269 praetor;

176 3284 264 3343 Tune
278 3285 430 3363 gemimus
446 3306 533 3348 easus
548 3285 653 3360 Urbis,
667 3295 741 3347 tune
756 3287 876 3346 odimus
889 3285 1004 3364 ignem.
1023 3337 1025 3343 .

176 3380 279 3440 Ardet
293 3382 394 3444 adhue
408 3383 521 3462 etjam
536 3383 668 3443 aoeunit
682 3383 735 3461 qui
748 3401 899 3442 marmora
914 3381 1018 3452 donet,
1134 3389 1180 3434 215

87 3529 91 3538 .
177 3477 325 3539 Conferat
338 3479 501 3560 impensas.
544 3479 606 3540 Hie
620 3479 704 3538 nuda
717 3486 750 3538 et
763 3477 895 3538 eandida
910 3476 1006 3556 signa,

176 3572 238 3634 Hio
253 3575 370 3656 aliquid
382 3576 573 3656 praeclarum
587 3574 797 3655 Euphranoris
811 3582 844 3634 et
858 3571 1020 3652 Polycleti,
1063 3597 1064 3602 ¹
1099 3557 1102 3564 ¹
