2622 4168
154 373 198 438 42
459 391 495 436 n.
511 385 614 438 suun
636 391 843 439 ruvsnams

156 559 264 620 Solvet
278 565 309 616 et
322 557 465 617 infundet
480 557 630 637 jumentis
644 557 760 618 hordea
773 557 868 619 lassis

154 657 278 717 Interea
292 653 367 713 dum
380 653 499 713 lanatas
514 664 697 732 torvumque
713 655 883 733 juvencum
1110 671 1158 718 155

154 755 243 814 More
257 750 380 810 Numae
395 749 495 810 caedit
507 749 530 810 J
531 750 597 838 ovis
611 760 683 810 ante
699 750 815 826 altaria,
824 753 910 832 jurat

155 852 260 912 Solam
272 849 416 929 Eponam
430 855 462 913 et
475 847 567 906 facies
581 847 664 907 olida
678 847 717 906 ad
732 851 889 930 praesepia
901 851 1008 931 pictas.

155 949 217 1009 Sed
232 969 326 1029 quum
341 943 506 1026 pervigiles
519 945 621 1023 placet
635 944 806 1007 instaurare
819 949 958 1030 popinas,

155 1047 273 1107 Obvius
287 1046 409 1107 assiduo
425 1043 639 1123 Syrophoenix
654 1046 734 1106 udus
749 1066 871 1108 amomo

155 1145 267 1220 Currit,
281 1145 448 1206 Idumaeae
463 1142 679 1223 Syrophoenix
693 1143 794 1204 incola
807 1154 924 1224 portae,
1111 1153 1159 1203 160

91 1285 92 1290 η
154 1242 294 1323 Hospitis
309 1242 421 1302 affectu
435 1240 596 1301 dominum
609 1260 776 1321 regemque
791 1243 913 1316 salutat,

154 1340 197 1400 Et
212 1359 282 1400 cum
295 1339 398 1400 venali
414 1338 521 1418 Cyane
536 1338 692 1399 succincta
706 1339 826 1418 lagena.

195 1435 347 1497 Defensor
361 1436 468 1514 culpae
483 1435 567 1495 dicet
581 1435 665 1510 mihi,
681 1435 854 1497 “Fecimus
868 1444 900 1496 et
913 1455 970 1495 nos

154 1531 242 1592 Haec
257 1531 431 1611 juvenes.”v
459 1531 545 1592 Esto.
587 1531 705 1596 Desisti
720 1553 840 1613 nempe,
854 1551 912 1593 nec
927 1533 1008 1592 ultra

154 1627 275 1688 Novisti
291 1648 433 1689 errorem.
473 1628 575 1688 Breve
590 1629 639 1702 sit,
654 1629 739 1709 quod
753 1630 885 1710 turpiter
899 1630 1012 1704 audes3
1112 1639 1160 1687 165

155 1723 317 1797 Quaedam
332 1745 401 1785 curn
415 1727 516 1806 prima
529 1736 707 1789 resecentur
721 1728 848 1788 crimina
861 1726 973 1802 barba3

155 1821 289 1902 Indulge
303 1823 426 1881 veniam
439 1823 550 1902 pueris.
591 1823 762 1884 Lateranus
775 1824 813 1882 ad
828 1824 897 1883 illos

94 1930 96 1936 ’
155 1918 358 1979 Thermarum
373 1920 481 1980 calices
495 1920 703 2000 inscriptaque
718 1921 814 1980 lintea
827 1920 915 1980 vadit

155 2014 298 2076 Maturus
311 2015 401 2090 belle,
416 2017 583 2078 Armeniae
599 2017 767 2098 Syriaeque
781 2017 905 2078 tuendis

155 2112 310 2182 Amuihus
324 2122 356 2173 et
370 2113 482 2174 Rheno
497 2122 589 2193 atque
604 2113 695 2176 Istro.
736 2113 898 2174 Praestare
912 2112 1069 2173 Neronem
1114 2126 1162 2172 ivo

157 2209 307 2269 Securum
320 2210 404 2291 valet
418 2211 495 2271 haec
510 2221 604 2272 aetas.
646 2210 740 2272 Mitte
756 2211 843 2285 ostia,
859 2210 979 2284 Caesar,

155 2306 259 2381 Mitte,
274 2305 375 2368 sedin
390 2327 503 2388 magna
516 2309 654 2388 legatum
670 2328 783 2388 quaere
796 2307 929 2387 popina;

73 2401 77 2408 ’
156 2403 300 2464 Invenies
315 2404 416 2485 aliquo
432 2425 503 2466 cum
517 2425 694 2485 percussore
710 2406 876 2485 jacentem,

156 2502 350 2563 Permixtunr
364 2503 466 2563 nautis
481 2511 513 2564 et
527 2502 644 2563 furibus
659 2521 695 2562 ac
708 2501 855 2582 fugitivis,

157 2599 244 2661 Inter
258 2600 413 2662 carnifices
428 2610 460 2662 et
474 2602 577 2662 fabros
592 2600 819 2680 sandapilarum

157 2698 201 2759 Et
214 2699 383 2779 resupinati
398 2700 548 2762 cessantia
562 2709 712 2779 tympana
724 2696 815 2757 Galli.

157 2797 269 2876 Aequa
282 2796 325 2856 ihi
339 2797 473 2872 libertas,
488 2796 663 2858 communia
677 2795 797 2875 pocula,
810 2795 909 2854 lectus

157 2892 232 2953 Non
248 2893 324 2954 alius
339 2895 490 2974 cuiquam,
504 2912 562 2954 nec
576 2911 681 2953 mensa
694 2889 841 2950 remotior
855 2888 918 2947 ulli.

159 2991 242 3064 Quid
257 2991 349 3052 facias
363 2992 459 3053 talem
473 2990 608 3064 sortitus,
622 2988 762 3062 Pontice,
778 2985 923 3046 servum?

159 3091 281 3170 Nempe
296 3089 328 3150 in
342 3088 483 3150 Lucanos
498 3095 552 3147 aut
567 3085 668 3146 Tusca
682 3084 838 3164 ergastula
852 3081 966 3142 mittas.
1119 3094 1165 3140 180

159 3189 284 3262 Atros,
299 3186 501 3265 Trojugenae,
517 3182 604 3242 vobis
617 3181 783 3261 ignoscitis,
800 3190 831 3240 et
846 3198 923 3259 quae

159 3284 275 3364 Turpia
290 3282 416 3344 cerdoni
429 3281 561 3341 Volesos
575 3278 769 3356 Brutumque
784 3277 947 3338 decehunt.

200 3381 293 3455 Quid,
308 3380 333 3440 si
347 3396 515 3457 numquam
529 3374 605 3435 adeo
620 3374 717 3435 foedis
731 3375 870 3454 adeoque
884 3371 1037 3454 pudendis

160 3476 292 3538 UtImur
304 3474 451 3554 exemplis
465 3482 501 3534 ut
515 3492 577 3532 non
591 3471 697 3551 pejora
711 3470 888 3550 supersint?

162 3572 360 3653 Consumptis
375 3569 484 3650 opibus
498 3587 614 3644 vocem,
629 3567 826 3648 Damasippe,
841 3565 951 3627 locasti
1118 3579 1166 3626 185
