2646 4170
487 425 524 475 D.
541 427 645 476 JUNII
666 429 875 481 JUVENALIS
917 437 920 442 '

538 1169 703 1233 SATIRA
729 1172 805 1237 XV.

253 1360 327 1424 Uls
343 1362 449 1438 nescit,
463 1363 575 1426 Volusi
588 1365 764 1447 Bithynice,
779 1368 882 1448 qualia
896 1368 1023 1432 demens
1083 1415 1086 1421 -

280 1458 444 1538 Aegyptus
458 1463 721 1540 portenta'colat?
763 1465 950 1526 Crocodilon
964 1467 1073 1530 adorat

168 1557 245 1617 Pars
260 1557 344 1629 haec,
358 1556 412 1616 illa
425 1568 519 1637 pavet
534 1566 670 1619 saturam
684 1562 877 1641 serpentibus
892 1563 965 1623 ibin.

167 1654 294 1734 Effigies
308 1653 386 1714 sacri
400 1653 481 1716 nitet
495 1673 587 1716 aurea
602 1658 807 1738 cercopitheci

167 1751 306 1812 Dimidio
321 1751 458 1836 magicae
473 1764 618 1814 resonant
633 1754 686 1814 ubi
699 1754 867 1816 Memnone
882 1755 1016 1816 chordae
1155 1770 1171 1818 ὅ

166 1850 273 1929 Atque
288 1859 379 1909 vetus
393 1849 501 1910 Thebe
516 1861 642 1911 centum
651 1852 737 1931 jacet
751 1852 863 1913 obruta
876 1852 981 1933 portis.
1025 1877 1028 1884 ·
1143 1865 1145 1872 ’

166 1946 236 2006 Illic
250 1946 378 2020 aeluros,
394 1947 444 2007 hic
458 1946 573 2026 piscem
588 1947 731 2022 fluminis,
746 1948 809 2010 illic

166 2043 291 2124 Oppida
304 2052 373 2105 tota
386 2063 495 2104 canem
509 2053 704 2119 venerantur,
718 2065 810 2106 nemo
824 2045 967 2106 Dianam.

166 2141 298 2202 Porrum
312 2151 344 2202 et
359 2159 452 2221 caepe
466 2141 551 2202 nefas
565 2141 681 2202 violare
697 2152 729 2202 et
743 2143 883 2222 frangere
898 2161 1010 2203 morsu.

166 2227 194 2299 Ο
210 2247 331 2298 sanctas
344 2248 462 2317 gentes,
478 2239 589 2317 quibus
602 2239 679 2298 haec
694 2249 862 2300 nascuntur
874 2239 907 2299 in
922 2238 1019 2300 hortis
1141 2255 1171 2300 10

144 2340 148 2346 '
165 2334 320 2395 Numina!
362 2333 488 2395 Lanatis
504 2335 686 2395 animalibus
702 2335 837 2396 abstinet
851 2335 950 2396 omnis

164 2431 283 2506 Mensa,
295 2432 383 2492 nefas
398 2431 460 2493 illic
474 2431 572 2492 fetum
582 2431 727 2512 jugulare
743 2433 896 2512 capellae3

166 2528 317 2590 Carnibus
331 2528 474 2588 humanis
490 2529 572 2589 vesci
587 2529 668 2589 lieet.
710 2529 858 2589 Attonito
873 2549 968 2608 quum

165 2623 241 2684 Tale
255 2643 347 2705 super
361 2644 489 2685 coenam
503 2625 621 2686 facinus
636 2634 775 2684 narraret
789 2624 901 2686 Ulixes

164 2720 306 2796 Alcinoo,
321 2723 416 2782 bilem
430 2730 485 2782 aut
499 2723 594 2783 risum
608 2723 738 2782 fortasse
753 2721 936 2802 quibusdam
1138 2737 1169 2786 lb

163 2817 307 2878 Moverat
322 2828 358 2879 ut
372 2819 506 2879 mendax
521 2820 705 2898 aretalogus.
746 2818 809 2877 “In
825 2837 908 2878 mare
922 2837 1014 2880 nemo

164 2914 258 2973 Hunc
272 2914 375 2988 abicit,
391 2934 483 2976 saeva
497 2916 627 2994 dignum
641 2934 774 2995 veraque
789 2913 956 2994 Charybdi,
1056 2929 1058 2934 ·

163 3009 351 3090 Fingentem
366 3010 516 3072 immanes
530 3011 757 3092 Laestrygonas
772 3021 865 3091 atquc
881 3011 1056 3092 Cyclopas?
1094 3085 1097 3091 ¹

163 3107 248 3166 Nam
263 3106 353 3168 citius
369 3107 505 3188 Scyllam
519 3110 569 3169 vel
584 3101 798 3170 concurrentia
812 3128 886 3168 saxa
977 3108 978 3113 ’

164 3205 298 3284 Cyanea,
313 3205 421 3285 plenos
437 3214 468 3265 et
483 3206 719 3284 tempestatibus
734 3216 818 3267 utres
1136 3219 1169 3266 20

164 3301 364 3376 Crediderim,
379 3311 433 3362 aut
446 3301 534 3362 tenui
548 3321 729 3381 percussum
742 3302 868 3362 verbere
885 3300 988 3362 Circes

163 3395 206 3458 Et
220 3417 291 3458 cum
305 3398 472 3478 remigibus
485 3397 647 3477 grunnisse
663 3397 819 3478 Elpenora
832 3399 941 3479 porcis.

163 3493 242 3554 Tam
256 3494 347 3554 vacui
361 3493 471 3573 capitis
485 3494 633 3572 populum
648 3493 792 3555 Phaeaca
805 3496 927 3574 putavit
936 3496 949 3555 l
958 3494 975 3523 ”

165 3589 216 3650 Cic
230 3589 340 3668 aliquis
354 3589 464 3650 merito
479 3588 618 3648 nondum
633 3589 735 3649 ebrius
750 3601 781 3650 et
796 3591 957 3652 minimum
972 3591 1025 3672 qui
