2622 4168
513 454 651 532 samaa
672 457 709 504 x.

74 691 78 697 Δ
111 623 242 685 Diducit
257 624 399 704 scopulos
413 633 446 685 et
459 629 598 685 montem
611 623 728 703 rumpit
742 633 839 685 aceto

110 721 132 782 J
134 741 183 781 am
197 731 285 782 tenet
298 721 439 797 Italiam3
460 730 566 782 tamen
580 722 663 781 ultra
676 741 803 800 pergere
818 721 937 782 tendit:

112 826 129 855 “
139 817 282 894 Actum,”
296 819 405 898 inquit,
421 819 524 878 “nihil
539 827 595 892 est,
610 818 669 878 nisi
683 818 790 878 Poeno
804 818 903 878 milite
917 827 1022 899 portas
1069 835 1115 880 155

88 931 89 934 ’
111 915 298 994 Frangimus
312 925 344 976 et
358 916 493 976 media
475 915 622 975 vexillum
636 935 719 994 pono
735 913 897 975 Suburra.”

112 1012 140 1071 Ο
155 1013 253 1092 qualis
267 1012 359 1072 facies
374 1022 406 1072 et
421 1013 504 1092 quali
519 1012 614 1090 digna
628 1011 752 1086 tabella,

113 1107 217 1180 Quum
233 1107 366 1168 Gaetula
379 1109 490 1168 ducem
504 1106 642 1188 portaret
630 1108 759 1168 tbellua
772 1111 906 1170 luscum!

110 1205 223 1264 Exitus
238 1225 311 1284 ergo
327 1206 394 1284 quis
409 1206 475 1265 est?
518 1204 545 1264 Ο
560 1205 676 1284 gloria!
697 1207 833 1267 vincitur
847 1209 930 1268 idem

110 1301 234 1380 Nempe
249 1312 280 1360 et
295 1302 327 1360 in
342 1301 481 1361 exsilium
496 1321 642 1382 praeceps
656 1303 736 1384 fugit
751 1313 844 1383 atque
859 1305 902 1364 ibi
917 1323 1047 1384 magnus
1069 1317 1115 1362 160
1172 1362 1173 1366 ,

109 1397 334 1477 Mirandusque
348 1399 443 1458 cliens
458 1399 545 1458 sedet
562 1401 601 1459 ad
617 1401 771 1480 praetoria
785 1401 875 1481 regis,

111 1495 220 1555 Donec
235 1495 373 1574 Bithyno
387 1496 482 1581 lingat
497 1498 627 1578 vigilare
639 1507 781 1578 tyranno

109 1592 221 1652 Finem
235 1592 355 1652 animae
374 1613 451 1673 quae
466 1615 516 1654 res
530 1595 680 1654 h'um'anas
694 1595 816 1657 miscuit
831 1595 905 1656 olim

109 1690 182 1750 Non
197 1690 302 1770 gladii,
317 1710 378 1750 uon
394 1711 468 1751 saxa
482 1693 610 1766 dabunt,
626 1713 683 1752 nec
696 1693 776 1767 tela;
794 1695 848 1754 sed
863 1694 914 1752 ille

110 1788 287 1850 Cannarum
302 1787 418 1848 vindex
433 1800 465 1848 et
480 1783 561 1848 tanti
576 1790 733 1868 sanguinis
748 1792 832 1854 ultor

109 1884 261 1944 Annulus.
302 1885 328 1958 I,
344 1886 478 1959 demens,
493 1896 525 1946 et
540 1905 646 1946 saevas
661 1905 747 1946 curre
761 1905 817 1966 per
829 1888 936 1972 Aures,

109 1981 158 2042 Ut
172 1983 275 2060 pueris
290 1983 411 2062 placeas
426 1992 462 2042 et'
473 1984 656 2043 declamatio
671 1984 736 2044 fias.

108 2078 201 2144 Unus
215 2079 341 2140 Pellaeo
351 2080 460 2164 juveni
475 2099 537 2140 uon
552 2081 662 2140 suflicit
676 2081 774 2142 orbis:

108 2176 245 2238 Aestuat
258 2168 365 2263 infesta
380 2187 511 2256 angusto
525 2177 622 2236 limite
637 2178 755 2253 mundi,

109 2273 159 2336 Ut
173 2273 269 2354 Gyari
284 2275 405 2334 clausus
420 2275 552 2353 seopulis
568 2293 723 2354 parvaque
739 2275 885 2356 Seripho:

109 2373 216 2445 Qu'um
230 2381 335 2432 tamen
351 2391 368 2430 a
382 2371 485 2451 figulis
499 2371 650 2430 munitam
664 2357 827 2432 intraverit
841 2375 958 2448 urbem,

109 2471 308 2550 Sarcophago
324 2477 489 2528 contentus
503 2467 570 2526 erit.
611 2467 696 2528 Mors
711 2470 775 2529 sola
789 2469 904 2528 fatetur

108 2567 268 2640 Quantula
282 2568 345 2627 sint
360 2565 520 2626 hominum
535 2566 723 2643 corpuscula.
766 2566 907 2626 Creditur
921 2566 995 2626 olim

107 2664 292 2725 Velifioatus
306 2665 418 2737 Athos,
433 2672 465 2722 et
479 2661 630 2741 quidquid
645 2661 774 2722 Graecia
788 2682 859 2721 men

52 2761 55 2766 ’
107 2762 238 2822 Audet'
231 2783 262 2820 m
277 2761 422 2835 historia3
445 2767 636 2820 constratum
653 2759 799 2818 classibus
812 2759 878 2818 isde

108 2859 371 2938 Suppositumque
385 2856 462 2918 rotis
477 2856 610 2916 solidum
624 2873 728 2930 mare3
749 2875 782 2915 c1
783 2855 901 2916 edimus
915 2857 994 2918 altos

106 2955 264 3016 Defecisse
279 2973 384 3014 amnes
400 2964 551 3033 epotaque
565 2953 693 3012 fiumina
706 2952 802 3013 Medo

107 3053 296 3126 Prandente,
311 3062 344 3112 et
358 3051 489 3110 madidis
505 3060 611 3111 cantat
625 3069 703 3130 quae
720 3049 877 3111 Sostratus
891 3051 955 3111 alis.

107 3149 166 3209 Ille
181 3159 286 3208 tamen
301 3148 399 3228 qualis
414 3147 507 3208 rediit
523 3147 676 3208 Salamine
691 3147 807 3220 relicta,

107 3245 144 3304 In
163 3246 276 3306 Corum
291 3255 383 3323 atque
397 3243 516 3302 Eurum
530 3244 640 3304 solitus
655 3245 773 3304 saevire
787 3243 916 3323 flagellis

107 3342 272 3414 Barbarus,
287 3327 400 3408 Aeolid
416 3359 574 3420 nunquam
588 3341 647 3402 hoc
661 3341 693 3400 in
708 3361 829 3402 carcere
844 3359 958 3420 passos,

107 3442 215 3518 Ipsum
229 3429 428 3516 compedibus
442 3437 495 3515 qui
509 3436 652 3497 vinxerat
667 3420 922 3518 Ennosigaeum?

106 3533 218 3595 Mitius
231 3533 263 3592 id
277 3539 358 3616 sane,
367 3532 450 3613 quod
464 3553 526 3592 non
541 3541 573 3593 et
587 3533 733 3612 stigmate
748 3533 878 3613 dignum

108 3629 259 3693 Credidit.
300 3627 383 3689 Huic
398 3629 559 3709 quisquam
572 3629 666 3690 vellet
681 3629 794 3689 servire
809 3629 952 3691 deorum!

293 3737 304 3772 d
