2622 4168
172 362 193 426 6
477 380 514 427 o.
529 380 633 428 tuan
654 379 860 428 aovnuanrs

171 543 270 606 Totos
284 543 386 625 pande
400 545 493 606 sinus.
533 544 628 605 Dicas
641 545 691 605 hio
706 545 842 619 forsitan,
857 545 953 608 Unde

170 639 336 721 Ingenium
349 661 406 722 par
418 641 588 702 materiae?
609 641 691 702 unde
706 641 759 702 illa
772 642 909 722 priorum

171 736 334 798 Scribcndi
348 738 554 818 quodcunque
569 738 671 798 animo
686 737 835 820 flagrante
849 740 960 803 liberet

171 833 367 913 Simplicitas,
381 835 467 913 cujus
482 855 545 895 non
560 834 659 894 audeo
674 834 776 896 dicere
790 840 928 899 nomen?

171 929 254 1003 Quid
269 930 362 991 refert
377 931 467 993 dictis
482 932 622 1012 ignoscat
637 931 760 994 Mucius
775 953 814 994 an
828 937 916 997 non?

170 1027 257 1088 Pone
272 1028 478 1108 Tigellinum:
500 1027 593 1089 taeda
606 1029 723 1091 lucebis
736 1031 768 1092 in
783 1031 836 1094 illa

171 1124 241 1197 Qua
255 1134 372 1186 stantes
387 1126 497 1186 ardent
513 1125 567 1205 qui
580 1123 643 1186 fixo
657 1137 784 1208 gutture
798 1131 926 1205 fumant,

169 1220 211 1281 Et
226 1222 323 1281 latum
338 1222 440 1282 media
455 1223 574 1291 sulcum
591 1223 719 1285 deducis
734 1246 826 1286 arena
835 1229 923 1286 -“--.

169 1317 232 1388 Qui
246 1318 334 1378 dedit
348 1338 421 1397 ergo
434 1318 534 1378 tribus
548 1321 666 1398 patruis
680 1322 802 1383 aconita
815 1325 947 1384 vehatur

168 1413 342 1474 Pensilibus
355 1414 476 1493 plumis,
491 1423 584 1494 atque
598 1417 683 1477 illinc
698 1417 846 1497 despiciat
859 1421 940 1480 nos?

168 1517 185 1546 “
197 1508 302 1580 Quum
316 1510 420 1570 veniet
436 1520 544 1572 contra
559 1512 657 1592 digito
672 1533 830 1593 compesce
844 1515 1008 1577 labellum:

167 1607 340 1667 Accusator
354 1607 412 1667 erit
427 1607 480 1687 qui
494 1609 622 1669 verbum
638 1611 759 1686 dixerit,
774 1611 835 1673 Hic
850 1622 905 1674 est.

166 1691 300 1764 ¹Secursis
314 1703 387 1764 licet
402 1703 542 1766 Aeneam
557 1705 770 1788 Rutulumque
784 1709 916 1770 ferocem
1014 1787 1017 1792 Ι

168 1799 351 1862 committas
363 1821 371 1877 ;
394 1801 469 1860 nulli
483 1803 586 1882 gravis
601 1813 648 1864 est
661 1823 820 1882 percussus
834 1807 981 1882 Achilles,

165 1895 234 1957 Aut
247 1898 379 1957 multum
396 1900 552 1978 quaesitus
566 1899 665 1979 Hylas
679 1921 848 1983 urnamque
863 1914 994 1965 secutus.

166 1993 249 2056 Ense
264 1997 350 2056 velut
365 1997 473 2057 stricto
489 1997 609 2076 quoties
623 1996 759 2060 Lucilius
774 2000 883 2060 ardens

166 2093 338 2170 Infremuit,
354 2095 445 2156 rubet
461 2095 583 2154 auditor
597 2094 646 2153 cui
659 2094 770 2174 frigida
785 2115 871 2157 mens
885 2107 933 2158 est

166 2193 363 2269 Criminibus,
378 2193 475 2262 tacita
489 2192 602 2252 sudant
616 2191 794 2269 praecordia
808 2194 907 2272 culpa.

166 2290 244 2352 Inde
259 2292 321 2351 irae
336 2301 369 2351 et
383 2290 533 2351 lacrimae.
575 2288 693 2348 Tecum
708 2288 792 2366 prius
806 2309 879 2369 ergo
894 2291 1002 2352 voluta

165 2388 253 2450 Haec
268 2389 370 2449 animo
385 2397 457 2448 ante
472 2387 578 2448 tubas:
600 2385 758 2466 galeatum
773 2405 841 2446 sero
854 2386 949 2447 duelli

165 2485 337 2547 Poenitet.”
346 2484 546 2565 —Experiar
560 2483 633 2564 quid
650 2483 838 2543 concedatur
851 2483 883 2544 in
898 2485 966 2544 illos

166 2581 307 2656 Quorum
321 2581 476 2643 Flaminia
489 2580 607 2662 tegitur
621 2580 697 2643 cinis
712 2588 805 2662 atque
819 2579 939 2643 Latina.
