2622 4168
148 346 190 416 18
414 333 423 348 ”
452 364 488 410 1).
512 363 615 411 nunu
636 363 843 413 uuvnnnms

523 924 686 986 SATIRA
713 925 771 987 IV.

148 1117 303 1262 ΕΟΟΕ
316 1119 430 1181 iterum
444 1120 611 1200 Crispinus,
625 1129 657 1202 et
671 1129 723 1194 est,
731 1120 807 1180 mibi
820 1139 911 1200 saepe
924 1122 1082 1183 vocandus

245 1217 300 1277 Ad
312 1225 423 1297 partes,
438 1227 610 1280 monstrum
625 1218 709 1278 nulla
722 1218 839 1278 virtute
853 1219 1049 1298 redemptum

144 1315 176 1373 A
191 1314 283 1388 vitiis,
299 1333 390 1394 aeger
404 1315 528 1393 solaque
544 1314 670 1374 libidine
684 1313 788 1374 fortis:

145 1411 280 1472 Delicias
294 1411 408 1470 viduae
423 1420 546 1471 tantum
562 1420 742 1489 aspernatur
756 1411 887 1471 adulter.

147 1509 231 1581 Quid
245 1507 338 1568 refert
352 1508 447 1587 igitur
461 1507 584 1586 quantis
595 1507 739 1586 jumenta
752 1507 863 1587 fatiget

146 1606 329 1680 Porticibus
344 1614 460 1685 quanta
474 1625 636 1664 nemorum
650 1614 793 1666 vectetur
807 1605 839 1664 in
854 1605 963 1665 umbra

144 1703 166 1766 J
168 1723 261 1784 ugera
275 1713 351 1783 quot
365 1702 466 1763 vicina
479 1704 554 1776 foro,
570 1722 646 1782 quas
661 1702 770 1762 emerit
785 1704 901 1763 aedes?

145 1800 248 1860 Nemo
261 1802 361 1860 malus
373 1799 456 1873 felix,
471 1799 597 1858 minime
613 1808 774 1879 corruptor
788 1808 820 1860 et
833 1801 917 1860 idem

145 1896 294 1971 Incestus,
309 1917 381 1957 cum
395 1916 456 1976 quo
470 1915 567 1975 nuper
582 1895 696 1957 vittata
709 1896 836 1975 jacebat

147 1993 304 2073 Sanguine
318 1993 419 2054 adhuc
433 1991 506 2053 vivo
520 2002 635 2053 terram
649 1992 788 2058 subitura
801 1993 952 2053 sacerdos.

147 2091 211 2150 sed
224 2110 307 2150 nunc
321 2090 360 2149 de
374 2089 462 2150 factis
476 2089 662 2150 levioribus:
684 2098 715 2148 et
731 2097 836 2148 tamen
851 2091 930 2148 alter

147 2186 181 2248 Si
194 2187 316 2256 fecisset
329 2187 413 2246 idem
428 2187 552 2247 cuderet
567 2187 624 2246 sub
636 2186 742 2263 judice
757 2207 887 2246 morum.

146 2283 230 2370 Nam
245 2284 329 2363 quod
342 2293 433 2362 turpe
446 2284 536 2344 bonis
551 2283 635 2342 Titio
651 2282 784 2361 Seioque
799 2283 931 2342 decebat
1013 2337 1014 2340 ,
1039 2337 1044 2352 ,

147 2381 332 2460 Crispinum.
375 2380 459 2452 Quid
475 2399 546 2460 agas
561 2400 657 2460 quum
670 2379 738 2440 dira
751 2389 786 2440 et
798 2380 918 2439 foedior
932 2395 1021 2444 omar
1032 2399 1049 2439 r„

148 2477 283 2539 Crimine
296 2497 428 2557 persona
442 2479 513 2537 est?
552 2477 687 2537 Mullum
701 2497 756 2536 sex
769 2477 904 2537 millibus
919 2457 1000 2536 emit
1121 2491 1152 2536 15

87 2629 88 2634 ,
146 2575 343 2654 Aequantem
358 2593 430 2634 sane
444 2573 568 2654 paribus
582 2574 724 2634 sestertia
737 2573 831 2647 libris,

146 2670 196 2733 Ut
209 2673 373 2751 perhibent
388 2672 440 2752 qui
455 2672 494 2748 de
508 2672 629 2752 magnis
643 2672 760 2751 majora
774 2671 951 2751 loquuntur.

149 2767 319 2828 Consilium
333 2768 426 2828 laudo
442 2768 575 2843 artificis,
590 2769 617 2828 si
630 2787 757 2827 munere
773 2776 862 2827 tanto
952 2803 954 2808 ¹

148 2864 352 2944 Praecipuum
366 2864 398 2923 in
412 2865 527 2925 tabulis
542 2885 643 2925 ceram
658 2864 738 2923 senis
754 2864 881 2923 abstulit
895 2862 971 2924 orbi.

149 2961 207 3023 Est
220 2963 299 3024 ratio
314 2962 441 3022 ulterior
453 2982 583 3042 magnae
597 2962 623 3023 si
637 2961 721 3022 misit
736 2961 861 3035 amicae,

150 3058 237 3130 Quae
252 3059 376 3121 vehitur
390 3060 493 3122 clauso
507 3059 578 3122 latis
593 3059 800 3140 specularibus
816 3068 915 3119 antro.

150 3157 205 3216 Nil
219 3158 281 3218 tale
296 3167 471 3238 exspectes:
493 3157 567 3218 emit
583 3157 648 3218 sibi.
689 3157 793 3217 Multa
806 3157 949 3216 videmus

152 3254 240 3326 Quae
254 3255 345 3316 miser
360 3265 391 3317 ot
404 3256 486 3336 frugi
500 3275 562 3315 non
576 3254 648 3315 fecit
663 3253 801 3333 Apicius.
843 3253 913 3314 Hoc
927 3262 963 3314 tu

153 3350 335 3414 Succinctus
348 3353 449 3432 patria
463 3352 627 3438 quondam,
643 3351 793 3432 Crispina
807 3371 935 3432 papyro.

152 3446 223 3508 Hoc
236 3449 370 3527 pretium
385 3449 547 3530 squamae!
588 3447 699 3509 Potuit
712 3449 841 3509 fortasse
856 3447 984 3509 minoris

153 3543 293 3606 Piscator
307 3565 398 3624 quam
412 3546 504 3628 piscis
519 3545 587 3606 emi.
627 3544 794 3605 Provincia
807 3544 887 3605 tanti
913 3554 915 3560 ’
