2622 4168
520 423 657 473 SATIRA
679 425 760 472 XIII.

150 589 255 651 Radat
267 591 401 652 inaurati
415 591 514 652 femur
528 592 671 652 Herculis
686 599 718 651 et
731 590 840 652 faciem
854 590 961 671 ipsam¹

149 686 301 768 Neptuni,
315 689 368 768 qui
381 688 570 748 bracteolam
583 688 623 747 de
639 689 767 748 Castore
788 688 892 748 ducat.

149 784 202 844 An
218 784 340 844 dubitet
355 785 463 845 solitus
477 793 580 845 totum
596 784 728 844 conflare
744 784 944 847 Tonantem?

152 882 311 943 Conferet
326 882 457 942 artifices
472 891 737 962 mercatoremque
752 883 866 943 veneni

102 990 105 1021 ²
149 979 194 1039 Et
208 978 426 1058 deducendum
441 979 523 1037 corio
538 977 627 1038 bovis
641 979 674 1037 in
689 997 782 1054 marc,
799 999 870 1041 eum
886 1004 947 1064 quo
1108 1001 1154 1046 155

151 1076 315 1139 Clauditur
329 1075 465 1135 adversis
479 1075 607 1135 innoxia
622 1076 710 1136 simia
724 1077 806 1139 fatis.
1069 1153 1071 1158 Ι

150 1174 238 1234 Haec
250 1181 344 1253 quota
358 1191 428 1252 pars
442 1173 592 1232 scelerum
607 1192 685 1253 quae
701 1186 806 1237 custos
820 1177 956 1240 Gallicus
970 1177 1066 1241 Urbis

150 1272 260 1352 Usque
275 1291 293 1330 a
306 1269 448 1330 Lucifero
464 1264 631 1330 doneclux
647 1262 769 1334 occidat
784 1276 896 1336 audit?

150 1369 289 1430 Humani
302 1368 424 1449 generis
439 1387 539 1428 mores
560 1369 618 1428 tibi
633 1391 723 1432 nosse
736 1373 855 1434 volenti

151 1468 271 1531 Sufficit
285 1487 346 1527 una
361 1467 479 1527 domus.
522 1467 644 1528 Paucos
666 1489 811 1531 consume
826 1472 900 1546 dies,
915 1480 947 1532 et
978 1497 980 1502 ·
1108 1467 1167 1532 160‘

149 1567 263 1627 Dicere
277 1575 310 1626 te
323 1565 469 1626 miserum
484 1577 649 1647 postquam
663 1569 748 1628 illinc
761 1569 881 1630 veneris
897 1570 985 1629 aude.

151 1664 228 1738 Quis
242 1665 396 1724 tumidum
410 1673 521 1744 guttur
534 1666 663 1724 miratur
676 1666 708 1725 in
722 1667 878 1746 Alpibus?
899 1677 952 1728 aut
967 1669 1034 1748 quis

150 1762 188 1823 In
202 1763 311 1823 Meroe
326 1762 428 1824 crasso
442 1762 592 1842 majorem
605 1762 723 1822 infante
738 1764 928 1824 mamillam?
1087 1757 1090 1764 ⁴

151 1862 281 1923 Caerula
295 1860 364 1940 quis
378 1860 498 1940 stupuit
514 1860 661 1920 Germani
675 1861 800 1933 lumina,
815 1861 928 1921 flavam

150 1957 325 2020 Caesariem
339 1967 371 2018 et
386 1957 513 2018 madido
528 1966 727 2037 torquentem
742 1978 857 2018 comue
871 1958 949 2019 cirre
962 1959 976 2018 ?
1108 1973 1154 2020 165

149 2055 273 2136 Nempe
288 2055 371 2135 quod
385 2056 462 2116 haec
474 2056 537 2116 illis
551 2065 662 2114 natura
675 2066 723 2116 est
737 2056 879 2116 omnibus
892 2075 962 2116 una.

149 2153 202 2213 Ad
218 2153 335 2214 subitas
348 2153 506 2213 Thracum
520 2154 661 2214 volucres
675 2139 850 2233 nubemque
864 2173 1007 2214 sonoram

150 2250 326 2335 Pygmaeus
340 2252 444 2331 parvis
459 2250 555 2311 currit
567 2249 700 2312 bellator
711 2249 745 2309 in
766 2251 876 2325 armis3

149 2351 226 2409 Mox
240 2349 340 2428 impar
353 2349 435 2409 hosti
450 2357 617 2432 raptusque
631 2366 687 2426 per
700 2366 770 2406 aera
784 2348 885 2408 curvis

149 2445 317 2527 Unguibus
332 2466 350 2507 a
366 2466 458 2508 saeva
472 2446 571 2506 fertur
584 2463 670 2525 grue.
712 2443 746 2505 si
759 2444 865 2504 videas
879 2445 939 2504 hoc
1107 2459 1154 2506 170

149 2542 303 2605 Gentibus
316 2545 349 2605 in
363 2544 486 2618 nostris,
501 2543 564 2604 risu
580 2541 739 2622 quatiere:
760 2540 818 2600 sed·
828 2541 899 2614 illio,

150 2640 336 2722 Quanquam
350 2643 460 2702 eadem
476 2641 598 2702 assidue
613 2631 792 2718 spectentur
805 2637 929 2715 proelia,
944 2637 1025 2698 ridet

149 2740 261 2815 Nemo,
276 2740 329 2801 ubi
343 2750 411 2803 tota
427 2742 535 2802 cohors
551 2738 631 2820 pede
646 2756 707 2795 non
724 2743 772 2807 est
786 2733 877 2793 altior
891 2755 960 2794 uno.

96 2860 99 2865 ·
190 2837 354 2900 “Nullane
367 2840 482 2921 perjuri
497 2839 606 2920 capitis
622 2832 799 2910 fraudisque
814 2831 963 2891 nefandae

99 2923 103 2929 ¹
150 2934 257 2996 Poena
271 2936 379 2999 eriti”
419 2937 597 3016 Abreptum
612 2934 701 2994 crede
717 2930 800 2990 hunc
814 2928 955 3009 graviore
970 2938 1078 2990 catena
1108 2947 1153 2994 115

149 3031 298 3094 Protinus
312 3043 345 3096 et
358 3044 465 3095 nostro
481 3034 653 3114 (quidplus
668 3030 744 3090 velit
765 3028 810 3086 ira
820 3025 848 3104 1)
866 3026 966 3087 necari

149 3129 308 3208 A'rbitri03
328 3139 434 3192 manet
447 3131 500 3191 illa
513 3140 618 3192 tamen
629 3129 760 3209 jactura,
776 3147 834 3188 nec
849 3145 985 3204 unquam

149 3229 336 3309 Depositum
349 3228 407 3289 tibi
421 3247 526 3306 sospes
541 3226 607 3300 erit,
623 3226 677 3286 sed
693 3245 820 3306 corpore
835 3233 946 3284 trunco

150 3325 309 3387 Invidiosa
324 3323 411 3384 dabit
424 3322 570 3382 minimus
585 3322 695 3383 solatia
709 3322 843 3402 sanguis.

151 3423 227 3482 “At
241 3421 379 3482 vindicta
392 3420 509 3480 bonum
523 3417 590 3479 vita
598 3418 767 3498 jucundius
781 3415 874 3498 ipsa.”

150 3517 273 3600 Nempe
287 3518 346 3578 hoc
360 3515 488 3590 indocti,
502 3535 632 3595 quorum
646 3513 825 3594 praecordia
839 3514 932 3574 nullis
