2622 4168
149 378 190 443 68
454 397 490 443 n.
514 396 617 444 amur
638 393 844 444 uuvnuams

147 563 209 623 Hic
222 571 363 623 nostrum
376 564 504 643 placabo
516 564 630 626 Jovcm
643 562 833 641 Laribusque
846 560 983 640 paternis

147 660 232 719 Tura
246 659 334 734 (laba,
350 669 442 740 atque
457 681 563 722 omnes
578 661 677 721 violae
691 660 818 740 jactabo
833 659 957 720 colores.
1119 672 1148 717 90

148 759 270 839 Cuncta
284 756 403 832 nitent3
424 758 534 838 longos
548 758 646 818 erexit
661 758 759 837 janua
772 775 873 818 ramos

147 853 190 915 Et
204 854 365 914 matutinis
379 863 525 934 operatur
538 855 616 915 festa
629 853 769 916 lucernis.

187 949 256 1010 Nec
271 960 413 1032 suspecta
426 951 484 1012 tibi
498 951 560 1012 sint
574 953 659 1026 haec,
674 951 827 1026 Corvine;
848 951 995 1025 Catullus,

147 1048 210 1109 Pro
226 1047 312 1128 cujus
326 1047 428 1108 reditu
442 1057 492 1109 tot
505 1068 587 1129 pono
602 1048 719 1123 altaria,
733 1067 845 1129 parvos

147 1144 223 1204 Tres
237 1145 332 1205 habet
346 1144 483 1206 heredes.
523 1145 616 1209 Libet
630 1155 808 1226 exspectare
823 1145 891 1226 quis
906 1165 1029 1225 aegram
1119 1158 1150 1206 95

147 1241 190 1303 Et
205 1243 401 1304 claudentem
415 1244 521 1305 oculos
534 1244 682 1324 gallinam
695 1244 856 1324 impendat
870 1243 968 1303 amico

147 1339 227 1399 Tam
241 1339 345 1400 sterili.
386 1339 505 1402 Verum
519 1342 595 1402 haec
609 1341 704 1402 nimia
718 1352 765 1402 est
777 1341 933 1420 impensa3
954 1339 1097 1400 coturnix

146 1436 244 1496 Nulla
258 1456 392 1516 unquam
407 1458 463 1518 pro
477 1447 565 1518 patre
579 1438 679 1500 cadet.
721 1438 843 1499 Sentire
858 1439 990 1499 calorem

149 1533 181 1594 Si
197 1534 299 1615 coepit
312 1535 449 1615 locuples
463 1535 578 1596 Gallita
592 1545 624 1597 et
638 1535 768 1596 Paccius
785 1535 859 1610 orbi,

146 1631 300 1713 Legitima
314 1632 383 1694 fixis
397 1633 529 1694 vestitur
542 1642 610 1694 tota
623 1633 744 1694 tabellis
1107 1645 1151 1690 roo

147 1729 311 1807 Porticus3
332 1731 484 1792 exsistunt
499 1731 552 1811 qui
565 1731 753 1812 promittunt
765 1729 979 1804 hecatomben,

148 1830 309 1903 Quatenus
323 1829 373 1891 hic
387 1850 449 1892 non
464 1840 536 1890 sunt
550 1849 608 1890 nec
622 1829 746 1890 venales
761 1827 926 1909 elephanti,

147 1929 216 1990 Nec
230 1915 321 1991 Latio
335 1938 389 1989 aut
403 1947 532 2009 usquam
546 1926 603 1988 sub
617 1935 723 1988 nostro
738 1927 837 1986 sidere
852 1925 922 1987 talis

149 2027 258 2090 Bellus
273 2025 452 2106 concipitur,
468 2025 523 2086 sed
536 2025 626 2086 furva
639 2033 732 2105 gente
746 2023 846 2105 petita

147 2127 319 2189 Arboribus
334 2123 460 2186 Rutulis
474 2132 506 2185 et
520 2122 619 2183 Turni
631 2122 768 2203 pascitur
782 2141 865 2201 agro,
915 2187 917 2190 ,

148 2226 287 2291 Caesaris
302 2231 484 2298 armentum,
499 2220 578 2281 nulli
591 2219 705 2280 servire
719 2227 863 2299 paratum

147 2325 294 2400 Privat03
316 2321 466 2404 siquidem
481 2316 577 2397 Tyrio
590 2335 697 2397 parere
712 2315 852 2376 solebant

143 2422 316 2484 Hannibali
331 2429 363 2481 et
377 2417 489 2479 nost1is
504 2414 634 2475 ducibus
648 2413 774 2492 regique
788 2411 926 2472 Molosso

147 2507 268 2583 Horum
283 2519 414 2599 majores
429 2537 464 2578 ao
479 2516 570 2576 dorso
584 2513 663 2574 ferre
679 2511 829 2584 cohortes,

147 2618 273 2679 Partem
289 2617 422 2697 aliquam
437 2614 511 2676 belli
525 2622 557 2674 et
572 2619 697 2672 euntem
711 2607 743 2668 in
757 2607 874 2687 proelia
887 2603 1005 2666 turrim.
1104 2618 1151 2665 110

49 2756 52 2764 ι
147 2713 243 2774 Nulla
256 2713 352 2792 igitur
365 2731 451 2772 mora
464 2730 520 2791 per
532 2706 680 2780 Novium,
695 2723 782 2764 mora
795 2701 879 2762 nulla
892 2719 948 2781 per
961 2698 1102 2760 Histrum

147 2809 327 2882 Pacuvium,
343 2806 416 2887 quin
430 2803 507 2865 illud
522 2804 597 2864 ebur
612 2801 743 2861 ducatur
757 2798 796 2858 ad
811 2815 878 2856 aras

147 2903 190 2964 Et
205 2903 296 2964 cadat
311 2911 382 2961 ante
397 2899 491 2959 Lares
505 2897 638 2957 Gallitae
652 2895 787 2966 victima,
802 2891 867 2952 sola

147 2997 255 3058 Tantis
270 2996 364 3076 digna
379 2993 445 3054 deis
459 3001 492 3052 et
506 2989 714 3071 captatoribus
728 2989 848 3048 horum.

147 3092 238 3152 Alter
253 3091 342 3164 enirn,
358 3088 383 3150 si
398 3087 549 3148 concedas
563 3092 706 3157 mactare,
721 3081 848 3143 vovebit
990 3135 991 3138 ,
1103 3093 1151 3140 115

146 3189 196 3248 De
210 3206 304 3268 grege
319 3205 476 3246 servorum
490 3200 605 3262 magna
618 3189 651 3240 et
664 3176 869 3259 pulcherrima
883 3192 1022 3255 quaeque

148 3286 293 3365 Corpora,
307 3281 358 3342 vel
372 3280 475 3361 pueris
489 3287 521 3339 et
535 3276 686 3337 frontibus
701 3273 880 3334 ancillarum

146 3382 290 3462 Imponet
304 3379 408 3453 vittas,
423 3376 495 3438 etsi
509 3393 569 3455 qua
584 3382 632 3433 est
645 3371 758 3432 nubilis
771 3371 817 3430 illi

147 3477 309 3558 Iphigenia
323 3475 407 3536 domi
421 3472 508 3534 dabit
520 3471 602 3531 hanc
616 3467 770 3541 altaribus,
785 3465 843 3526 etsi

147 3572 221 3635 Non
236 3581 338 3655 sperat
351 3571 486 3652 tragicae
499 3565 613 3628 furtiva
626 3563 747 3646 piacula
761 3579 877 3623 cervae.
1103 3573 1151 3619 120
