2622 4168
190 424 232 488 50
494 443 530 491 n.
545 443 648 490 rann
669 444 875 493 ruvnxxms

190 605 347 685 Sanguine
362 609 507 670 causidici
520 610 705 670 maduerunt
719 619 818 670 rostra
831 610 942 690 pusilli.

189 702 243 762 “O
258 705 445 764 fortunatam
459 715 563 764 natam
577 726 626 765 me
642 706 776 767 Consule
791 705 925 767 Romam
936 707 943 767 l
956 707 973 736 ”

188 799 309 860 Antoni
322 800 441 880 gladios
456 801 557 880 potuit
571 812 775 878 contemnere,
790 803 815 863 si
830 803 873 864 sic

189 896 302 956 Omnia
317 897 451 958 dixisset.
493 897 638 958 Itidenda
651 909 794 978 poemata
809 901 890 960 malo

189 993 291 1065 Quam
305 1003 336 1054 te
352 994 541 1072 conspicuae,
556 995 661 1054 divina
674 994 856 1074 Philippica,
870 997 978 1071 famae,

187 1091 331 1151 Volveris
346 1111 364 1150 a
378 1092 477 1169 prima
493 1111 570 1170 quae
584 1092 731 1171 proxima.
763 1091 892 1168 ,Saevus
906 1103 938 1154 et
951 1093 1039 1156 illum

187 1186 298 1246 Exitus
313 1188 433 1266 eripuit,
449 1208 540 1267 quem
553 1188 744 1248 mirabantur
756 1188 901 1249 Athenae

187 1283 370 1344 Torrentem
385 1296 417 1345 et
431 1284 514 1364 pleni
527 1285 740 1346 moderantem
753 1286 859 1346 fraena
872 1287 995 1348 theatri.

157 1431 159 1435 .
186 1380 244 1440 Dis
258 1380 309 1440 illc
325 1381 460 1440 adversis
475 1381 598 1460 genitus
613 1382 736 1462 fatoque
751 1383 883 1458 sinistro,

187 1476 289 1549 Quem
303 1486 393 1556 pater
407 1478 543 1537 ardentis
557 1497 675 1538 massae
690 1479 818 1558 fuligine
832 1480 934 1560 lippus

187 1573 217 1631 A
233 1573 364 1634 carbone
379 1582 411 1633 et
425 1573 591 1652 forcipibus
603 1575 785 1656 gladiosque
800 1585 929 1656 parante

186 1669 305 1730 Incude
320 1681 352 1730 et
366 1671 451 1732 luteo
466 1671 610 1732 Vulcano
625 1673 663 1731 ad
678 1673 803 1733 rhetora
816 1674 909 1734 misit.

225 1767 384 1829 Bellorum
399 1770 537 1844 exuviae,
551 1770 668 1830 truncis
683 1771 772 1830 affixa
786 1773 921 1851 tropaeis

186 1863 296 1928 Lorica
310 1875 342 1927 et
356 1867 453 1958 fracta
467 1867 506 1925 de
520 1852 638 1928 casside
652 1867 782 1928 buccula
795 1870 933 1947 pendens

186 1967 228 2026 Et
243 1973 366 2026 curtum
379 1974 504 2024 temone
514 1964 626 2044 jugum
642 1964 804 2044 victaeque
819 1965 951 2026 triremis

185 2065 335 2144 Aplustre
350 2073 382 2122 et
396 2082 516 2122 summo
531 2062 627 2122 tristis
642 2063 783 2142 captivus
798 2062 829 2122 in
845 2083 918 2123 areu

185 2161 338 2222 Humanis
352 2161 468 2240 majora
481 2160 571 2220 bonis
585 2161 768 2220 creduntur:
789 2160 829 2220 ad
843 2162 902 2222 hoo
917 2181 949 2222 sc
964 2177 976 2200 ⁴

185 2260 345 2320 Romanus
359 2260 531 2339 Graiusque
547 2270 582 2319 ac
596 2259 743 2318 barbarus
757 2257 956 2338 induperator·

184 2357 312 2419 Erexit:
333 2377 439 2418 causas
453 2357 635 2418 discriminis
650 2367 743 2436 atque
758 2356 871 2418 laboris

184 2457 263 2518 Inde
278 2457 394 2518 habuit.
436 2455 538 2516 Tanto
552 2456 651 2535 major
664 2456 762 2515 famae
777 2455 844 2516 sitis
858 2465 905 2517 est
920 2476 1010 2536 quam

183 2555 328 2616 Virtutis.
370 2555 448 2628 Quis
463 2555 546 2613 enim
559 2554 708 2614 virtutem
722 2553 920 2634 amplectitur
933 2555 1038 2633 ipsam,

184 2653 326 2713 Praemia
342 2653 367 2712 si
381 2653 493 2713 tollas?
534 2652 674 2712 Patriam
687 2660 791 2712 tamen
807 2651 910 2712 obruit
923 2651 997 2711 olim

183 2750 289 2810 Gloria
303 2769 470 2828 paucorum
486 2757 518 2808 et
532 2749 631 2810 laudis
646 2749 791 2828 titulique
806 2749 919 2827 cupido

185 2848 318 2906 Haesuri
333 2846 413 2906 saxis
429 2847 565 2906 cinerum
580 2846 768 2919 custodibus,
784 2846 822 2905 ad
839 2866 917 2925 quae

183 2943 387 3004 Discutienda
400 2944 506 3002 valent
521 2942 631 3002 sterilis
645 2943 726 3002 mala
739 2943 851 3002 robora
864 2943 957 3004 ficus:

184 3039 443 3118 Quandoquidem
459 3039 532 3098 data
547 3046 618 3098 sunt
631 3038 705 3117 ipsis
720 3057 841 3117 quoque
856 3039 920 3098 fata
933 3040 1088 3118 sepulcris.

182 3136 333 3215 Expende
349 3135 576 3209 Hannibalem3
597 3138 672 3214 quot
686 3135 779 3195 libras
793 3136 824 3194 in
840 3135 918 3196 duce
933 3155 1054 3196 summo

183 3232 349 3292 Invenies?
369 3233 419 3292 hic
435 3241 482 3292 est
497 3251 587 3311 quem
603 3250 664 3291 non
681 3231 763 3310 capit
776 3231 884 3291 Africa
896 3231 1008 3292 Mauro

182 3328 333 3388 Percussa
347 3328 472 3388 Oceano
486 3326 623 3407 Niloque
637 3326 763 3387 admota
776 3329 904 3407 tepenti,

182 3425 299 3486 Rursus
315 3425 354 3484 ad
368 3425 559 3502 Aethiopum
573 3423 703 3503 populos
717 3423 856 3503 altosque
870 3426 1059 3505 elephantos.
1139 3444 1186 3491 150

181 3523 321 3581 Additur
335 3521 471 3600 imperiis
487 3520 654 3598 Hispania:
674 3519 868 3598 Pyrenaeum
878 3559 892 3583 0

181 3618 347 3680 Transilit:
368 3617 512 3697 opposuit
526 3625 637 3676 natura
650 3616 825 3697 Alpemque
840 3619 1023 3700 nivcmque3
