2622 4168
129 367 171 432 22
222 387 225 394 ·
434 383 470 430 o.
486 382 590 431 rann
611 379 817 430 auvnnsms
868 432 873 444 x

126 550 200 611 Non
215 548 299 610 cedit
312 547 459 622 Veiente,
474 548 529 609 sed
543 557 579 608 ut
589 547 740 608 fanaticus
755 556 858 608 oestro

129 646 307 719 Percussus,
322 643 461 718 Bellona,
476 648 540 719 tuo,
555 645 676 705 divinat
691 653 723 704 et
737 652 753 682 “
763 643 879 724 Ingens

128 743 228 805 Omen
241 741 362 816 habes,”
377 742 487 822 inquit,
502 750 519 778 “
529 741 634 821 magni
649 741 782 822 clarique
796 743 964 823 triumphi:
1089 758 1136 804 125

87 871 90 877 ·
127 840 248 921 Regem
263 840 396 920 alique'm
411 839 521 918 capies,
537 848 591 898 aut
606 838 645 898 de
660 847 784 899 temone
799 838 951 901 Britanno

130 937 263 998 Excidet
277 937 466 1016 Aruiragus:
488 935 650 1016 peregrina
665 945 712 996 est
726 936 846 1011 bellua3
867 937 965 998 cernis

129 1033 257 1095 Erectas
271 1035 303 1094 in
317 1043 408 1114 terga
422 1033 514 1093 sudes
524 1031 564 1092 ?”
606 1031 676 1094 Hoc
691 1033 790 1094 defuit
803 1055 899 1093 unum

129 1130 271 1193 Fabricio
285 1132 417 1211 patriam
431 1140 466 1191 ut
480 1130 602 1190 rhombi
616 1141 801 1191 memoraret
816 1139 848 1190 et
863 1149 980 1191 annos.-

132 1228 315 1300 “Quidnam
329 1228 424 1308 igitur
439 1228 569 1290 censes?
591 1227 764 1288 conciditur
774 1229 788 1287 ’ἒ
798 1226 815 1256 ”
838 1227 957 1287 “Absit
972 1227 1078 1288 abillo

130 1324 273 1386 Dedecus
287 1325 373 1400 hoo,”
394 1325 564 1385 Montanus
579 1325 642 1384 ait:
666 1331 774 1384 “testa
788 1324 851 1384 alta
864 1335 998 1404 paretur,
1089 1339 1133 1384 131

131 1420 219 1492 Quae
234 1421 321 1483 tenui
334 1441 422 1481 muro
437 1422 608 1501 spatiosum
623 1421 749 1500 colligat
763 1421 878 1481 orbem.
967 1453 970 1460 ·

130 1517 271 1577 Debetur
284 1537 415 1596 magnus
429 1517 553 1596 patinae
568 1517 749 1596 subitusque
765 1516 978 1577 Prometheus.

131 1611 284 1690 Argillam
299 1620 390 1690 atque
405 1620 506 1670 rotam
520 1611 611 1672 citius
626 1621 806 1691 properate:
827 1610 880 1671 sed
896 1631 935 1671 cx
949 1613 1008 1672 hoc

129 1708 282 1786 Tempore
295 1707 370 1786 jam,
386 1709 506 1782 Caesar,
521 1707 609 1786 figuli
623 1717 679 1767 tua
693 1718 794 1768 castra
808 1706 999 1787 sequantur.”
1087 1723 1133 1770 135

129 1804 216 1864 Vicit
232 1804 326 1882 digna
339 1803 405 1863 viro
420 1804 593 1864 sententia:
614 1813 745 1864 noverat
760 1805 811 1865 ille

129 1900 299 1960 Luxuriam
312 1900 431 1979 imperii
446 1910 582 1960 veterem
598 1910 766 1981 noctesque
781 1900 917 1962 Neronis

128 1998 149 2059 J
152 2018 201 2056 am
215 1997 332 2056 medias
347 1996 499 2076 aliamque
513 1996 635 2072 famem,
652 2017 747 2076 quum
760 1999 867 2077 pulmo
882 1996 1014 2057 Falerno

132 2095 273 2155 Arderet.
312 2092 516 2174 ‹Nullirnajor
529 2093 590 2155 fuit
604 2114 677 2154 usus
692 2094 805 2154 edendi

130 2191 329 2269 Tempestate
343 2211 421 2250 mea.
462 2191 577 2253 Circeis
592 2201 667 2252 nata
680 2193 782 2252 forent
796 2211 836 2251 an
1087 2207 1134 2253 140

129 2287 296 2348 Lucrinum
312 2288 351 2347 ad
366 2307 473 2348 saxum
488 2287 690 2368 Rutupinove
706 2289 790 2348 edita
804 2288 901 2350 fundo

130 2384 242 2444 Ostrea
257 2384 388 2444 callebat
402 2384 501 2463 primo
517 2385 707 2464 deprendere
722 2405 835 2460 morsu,

129 2480 172 2541 Et
186 2481 280 2541 semel
295 2482 410 2561 aspecti
424 2481 513 2542 littus
527 2481 651 2542 dicebat
665 2483 775 2544 echini.

130 2578 281 2658 Surgitur,
295 2587 328 2639 et
341 2579 435 2640 misso
448 2598 590 2658 proceres
605 2580 688 2641 exire
703 2581 855 2661 jubentur

130 2675 275 2749 Consilia
291 2696 367 2754 quos
380 2676 536 2736 Albanam
551 2678 616 2737 dux
631 2697 761 2757 maguus
775 2679 807 2738 in
823 2699 923 2740 arcem

129 2771 279 2831 Traxerat
293 2773 442 2832 attonitos
458 2781 490 2832 et
504 2772 650 2834 festinare
665 2785 796 2849 coactos,

129 2868 291 2946 Tanquam
305 2867 343 2926 de
359 2868 459 2928 Cattis
475 2869 590 2948 aliquid
607 2872 770 2951 torvisque·
781 2872 949 2951 Sigambris

128 2963 284 3037 Dicturus,
299 2973 446 3044 tanquam
463 2966 591 3027 diversis
605 2968 744 3048 partibus
759 2969 840 3028 orbis

128 3060 234 3120 Anxia
247 3061 406 3141 praecipiti
422 3063 558 3124 venisset
573 3063 703 3144 epistola
716 3085 827 3144 penna.

129 3157 235 3237 Atque
249 3157 368 3219 utinam
382 3161 430 3222 his
445 3160 548 3241 potius
563 3161 654 3241 nugis
670 3171 738 3222 tota
750 3163 805 3222 illa
819 3163 955 3224 dedisset

129 3253 282 3334 Tempora
296 3257 453 3331 saevitiae,
469 3257 565 3336 claras
581 3258 691 3338 quibus
707 3259 833 3319 abstulit
848 3259 928 3321 Urbi

128 3349 327 3433 Illustresque
343 3355 460 3414 animas
473 3353 600 3434 impune
616 3364 648 3415 et
661 3355 784 3415 vindice
798 3357 892 3416 nullo.

129 3446 192 3506 Sed
206 3450 297 3528 periit
311 3461 476 3530 postquam
491 3450 675 3512 cerdonibus
689 3472 754 3512 esse
769 3454 926 3514 timendus

130 3543 301 3625 Coeperat:
321 3547 380 3607 hoc
395 3546 502 3607 nocuit
515 3546 691 3608 Lamiarum
706 3550 799 3609 caede
814 3549 961 3612 madenti.
