2646 4170
531 404 669 454 SATIRA
691 405 769 454 XIV.

151 572 206 632 Nil
220 580 347 652 cuperet
361 590 454 652 quam
468 571 521 652 qui
534 579 636 632 totum
651 571 708 631 sibi
722 579 864 651 posceret
878 571 992 645 orbem,

151 669 301 730 Passurus
315 669 410 748 gestis
425 669 585 748 aequanda
597 669 733 748 pericula
745 667 845 728 rebus.

151 765 281 825 Nullum
295 785 410 825 numen
426 765 513 826 abest
527 764 553 824 si
566 764 606 825 sit
621 763 808 824 Prudentia:
829 783 886 824 nos
899 772 940 838 te,
1068 839 1070 842 Ι
1108 777 1155 823 315

151 863 218 922 Nos
231 863 367 936 facimus,
382 861 530 936 Fortuna,
545 861 644 922 deam.
685 861 833 920 Mensura
846 871 951 922 tamen
965 881 1043 940 quae

152 959 289 1020 Sufficiat
304 979 412 1019 census
426 959 452 1018 si
467 959 536 1038 quis
549 978 599 1018 me
614 958 753 1018 consulat
768 957 876 1017 edam:

151 1059 189 1116 In
204 1064 353 1134 quantum
368 1054 435 1114 sitis
449 1063 542 1134 atque
555 1055 651 1114 fames
665 1062 697 1114 et
710 1050 823 1133 frigora
837 1062 977 1134 poscunt,

152 1153 322 1226 Quantum,
337 1151 479 1231 Epicure,
494 1151 551 1212 tibi
564 1151 668 1231 parvis
683 1151 802 1212 suffecit
816 1150 848 1211 in
861 1150 968 1225 hortis,

152 1250 313 1322 Quantum
328 1247 476 1308 Socratici
490 1257 639 1329 ceperunt
654 1257 726 1309 ante
740 1259 877 1329 penates.
1110 1263 1156 1310 320

151 1347 321 1426 Nunquam
335 1345 418 1406 aliud
434 1345 557 1407 Natura
572 1345 655 1406 aliud
671 1346 829 1426 Sapientia
843 1345 928 1408 dicit.
1039 1397 1042 1402 .

151 1447 284 1510 Acribus
299 1448 448 1528 exemplis
462 1448 570 1509 videor
583 1459 616 1509 te
627 1447 786 1509 claudere:
809 1444 903 1506 misce
927 1496 929 1500 .

152 1544 236 1625 Ergo
251 1545 367 1624 aliquid
381 1546 494 1607 nostris
509 1546 548 1606 de
562 1545 715 1620 moribus3
737 1545 821 1604 effice
836 1561 987 1606 summanr

151 1644 207 1706 Bis
221 1655 338 1724 septem
354 1645 512 1705 ordinibus
526 1666 616 1724 quam
630 1645 681 1705 lex
696 1643 841 1724 dignatur
855 1639 996 1702 Othonis.

152 1741 239 1804 Haec
253 1762 375 1822 quoque
389 1742 415 1802 si
429 1763 538 1822 rugam
551 1742 647 1803 trahit
661 1741 863 1819 extenditque
877 1737 1033 1812 labellum,
1110 1748 1156 1796 325

153 1839 247 1913 Sume
262 1841 339 1901 duos
352 1840 491 1921 Equites,
504 1841 552 1901 fac
566 1840 658 1901 tertia
671 1823 911 1919 quadringenta.¹

153 1937 188 1998 Si
201 1939 340 2008 nondum
354 1939 479 2019 implevi
492 1939 653 2020 gremium,
667 1938 693 2000 si
706 1937 853 2019 panditur.
866 1935 957 2007 ultra,

152 2035 223 2096 Nec
239 2036 344 2098 Croesi
358 2037 482 2098 fortuna
496 2057 640 2116 unquam,
654 2056 712 2096 nec
725 2032 849 2094 Persica
862 2049 958 2112 regna

154 2132 314 2194 Sufficient
328 2133 438 2208 anime,
452 2154 510 2194 nec
524 2134 651 2194 divitiae
665 2132 811 2206 Narcissi,

153 2231 288 2292 Indulsit
303 2231 416 2292 Caesar
428 2231 478 2292 cui
493 2231 640 2293 Claudius
654 2230 766 2304 omnia,
782 2228 868 2308 cujus

152 2327 264 2390 Paruit
276 2326 412 2408 imperiis
425 2347 553 2389 uxorem
567 2327 706 2390 occidere
722 2328 834 2408 jussus.
