2622 4168
534 410 670 459 sarnus
691 411 773 458 xnr.
970 402 973 408 ’
1110 391 1151 457 ll

149 577 343 654 Quaesitum,
357 587 389 639 ct
402 588 509 659 partos
522 579 628 660 gladio
642 578 692 639 vel
702 576 821 662 pyxide
836 576 1000 637 nummos?
1121 590 1152 635 25

148 674 224 734 Rari
239 675 353 756 quippe
367 676 458 736 boni:
482 695 626 736 numerus
640 676 694 747 vix
709 682 757 735 est
770 673 903 735 totidem
918 683 994 754 quot

149 771 326 831 Thebarum
340 781 448 851 portae
463 773 512 832 vel
528 772 634 832 divitis
649 772 727 832 ostia
741 771 827 853 Nili.⁸

149 868 242 928 Nona
257 876 342 928 aetas
357 868 459 948 agitur
473 869 639 948 pejoraque
654 869 756 929 secula
769 867 842 928 ferri

150 964 363 1044 Temporibus,
380 984 510 1044 quorum
525 965 633 1025 sceleri
647 986 709 1026 non
723 965 844 1026 invenit
857 964 924 1046 ipsa

149 1062 274 1122 Nomen
289 1070 321 1121 et
335 1081 354 1120 a
367 1061 453 1121 nullo
468 1061 572 1141 posuit
586 1071 696 1122 natura
707 1063 841 1123 metallo.
915 1095 917 1098 ·

150 1163 216 1220 Nos
230 1158 389 1218 hominum
407 1157 573 1238 divumque
587 1159 682 1218 fidem
703 1157 836 1220 clamore
850 1158 974 1235 ciemus,

151 1257 278 1329 Quanto
292 1255 471 1315 Faesidium
485 1256 593 1315 laudat
607 1256 723 1318 vocalis
737 1249 893 1336 agentem

152 1354 306 1432 Sportula.
346 1352 415 1426 Dic,
430 1352 532 1412 senior
545 1353 630 1412 bulla
645 1353 832 1436 dignissime,
847 1354 946 1416 nescis

151 1451 237 1524 Quas
251 1451 364 1511 habeat
378 1449 518 1524 Veneres
533 1450 632 1510 aliena
645 1452 801 1530 pecunia?
821 1453 920 1513 nescis

151 1548 254 1620 Quem
268 1559 322 1608 tua
337 1547 516 1627 simplicitas
536 1548 632 1609 risum
646 1549 742 1629 vulgo
755 1561 889 1625 moveat,
905 1571 998 1631 quum

151 1645 259 1724 Exigis
274 1666 292 1706 a
307 1664 463 1725 quoquam
477 1665 516 1704 ne
530 1646 657 1726 pejeret,
673 1655 705 1706 et
719 1655 809 1726 putet
824 1648 894 1708 ullis

151 1741 228 1803 Esse
243 1742 368 1821 aliquod
382 1761 496 1802 numen
512 1743 636 1822 templis
651 1762 781 1823 araeque
795 1744 942 1805 rubenti?

152 1831 319 1911 Quondam
331 1839 392 1899 hoc
406 1829 571 1919 indigerias
586 1839 734 1902 vivebant
748 1861 842 1916 more,
857 1841 1033 1922 priusquam

132 1927 139 1942 '
153 1935 296 1996 Sumeret
312 1946 464 2015 agrestem
479 1936 581 2015 posito
595 1936 770 1998 diademate
785 1939 895 1998 falcem

154 2032 305 2093 Saturnus
321 2032 448 2113 fugiens,
463 2041 538 2094 tunc
553 2053 648 2114 quum
663 2035 845 2114 virguncula
858 2035 943 2097 Juno

152 2129 194 2190 Et
208 2130 347 2210 privatus
362 2130 463 2190 adhuc
477 2130 579 2191 Idaeis
593 2130 613 2190 J
616 2131 738 2211 uppiter
752 2132 856 2207 antris,

152 2225 249 2286 Nulla
263 2247 355 2306 super
368 2228 465 2288 nubes
480 2229 624 2288 convivia
637 2229 860 2304 caelicolarum,
899 2218 902 2223 ¹

152 2323 221 2384 Nec
235 2344 312 2404 puer
325 2323 446 2398 Iliacus,
461 2325 594 2386 formosa
608 2345 665 2386 nec
679 2326 823 2387 Herculis
839 2347 916 2388 uxor

115 2411 117 2414 ¹
152 2421 207 2481 Ad
221 2424 358 2502 cyathos,
373 2431 404 2482 et
420 2423 487 2502 jam
502 2423 615 2483 siccato
629 2435 751 2484 nectare
766 2434 891 2504 tergens

152 2519 286 2580 Brachia
300 2519 461 2581 Vulcanus
475 2520 624 2600 Liparaea
638 2521 725 2602 nigra
738 2523 876 2597 taberna.
987 2531 990 2538 “

152 2616 332 2677 Prandcbat
347 2618 403 2678 sibi
420 2619 547 2699 quisque
562 2619 647 2693 deus,
660 2639 718 2680 nec
732 2621 823 2680 turba
837 2620 965 2680 duorum

153 2713 238 2774 Talis
252 2724 288 2775 ut
303 2726 350 2776 est
364 2716 465 2790 hodie,
481 2725 689 2796 contentaque
704 2716 804 2776 sidera
817 2719 922 2797 paucis

154 2811 342 2874 Numinibus
357 2814 502 2873 miserum
517 2813 669 2892 urgebant
682 2814 814 2874 Atlanta
827 2815 938 2876 minori

154 2899 306 2969 Pondere.
348 2909 498 2970 Nondum
515 2911 624 2991 aliquis
638 2911 765 2972 sortitus
779 2913 868 2973 triste
882 2914 1025 2993 profiindi

153 3005 331 3086 Imperium,
346 3018 400 3067 aut
416 3007 520 3068 Sicula
534 3018 642 3069 torvus
657 3028 726 3068 cum
742 3010 872 3090 conjuge
887 3010 1002 3071 Pluton
1015 3031 1023 3086 ;

153 3102 224 3164 Nec
237 3113 314 3179 rota,
327 3125 386 3166 nec
400 3104 521 3179 Furiae,
536 3125 594 3166 nec
609 3126 716 3166 saxum
733 3116 786 3167 aut
801 3109 931 3169 vulturis
946 3097 1023 3168 atri'

154 3199 280 3274 Poena3
303 3202 357 3260 sed
372 3202 497 3262 infernis
512 3203 623 3262 hilares
637 3203 702 3263 sine
717 3203 841 3284 regibus
854 3206 989 3265 umbrae.

75 3361 80 3370 ¹
136 3296 341 3389 lImprubitas
355 3299 409 3360 illo
424 3299 481 3359 fuit
497 3299 683 3360 admirabilis
699 3319 784 3361 aev0.

156 3394 334 3459 Credebant
347 3395 407 3456 hoc
420 3396 538 3476 grande
552 3396 638 3457 nefas
652 3406 684 3456 et
698 3405 797 3458 morte
811 3397 968 3476 piandum,

156 3490 191 3551 Si
206 3490 331 3569 juvenis
345 3493 451 3553 vetulo
466 3511 527 3553 non
544 3502 751 3553 assurrexerat
765 3503 797 3553 et
812 3494 837 3554 si

157 3589 293 3650 Barbato
309 3589 479 3670 cuicunque
493 3609 578 3671 puer,
592 3588 665 3650 licet
679 3583 745 3670 ipse
758 3590 880 3651 videret
