2646 4170
534 397 670 447 SATIRA
692 397 756 446 XV.

142 567 226 626 Nam
240 566 353 628 scelere
366 566 398 625 in
413 573 555 626 tantone
570 585 698 645 quaeras
713 573 744 624 et
759 562 881 623 dubites
896 580 944 622 an·

142 663 248 723 Prima
261 663 456 742 voluptatem
471 663 544 742 gula
558 660 703 735 sense1·it;
725 661 852 720 ultimus
867 668 972 720 autem
1114 675 1144 721 90

143 760 206 835 Qui
221 760 308 820 stetit
324 759 487 844 absumpto
496 759 562 838 jam
577 743 645 818 toto
660 776 795 836 corpore,
810 755 912 816 ductis

142 857 205 916 Per
218 865 333 916 terram
347 855 461 935 digitis,
476 855 591 933 aliquid
607 855 646 914 de
661 853 811 932 sanguine
825 862 940 934 gustat.

144 953 310 1027 Vascones,
324 954 400 1014 haec
413 952 495 1010 fama
509 959 566 1025 est,
582 950 735 1010 alimentis
750 951 863 1011 talibus
874 953 953 1012 'olim

74 1082 78 1089 ·
142 1049 322 1110 Produxere
337 1049 471 1126 animas3
492 1047 547 1108 sed
561 1066 610 1106 res
624 1047 753 1121 diversa,
769 1048 823 1108 sed
838 1049 902 1110 illic

142 1147 300 1206 Fortunae
314 1145 431 1205 invidia
445 1153 493 1204 est
507 1144 720 1222 bellorumque
736 1146 854 1220 ultima,
864 1166 956 1208 ‚casus
1113 1162 1145 1207 95

143 1242 292 1316 Extremi,
307 1243 418 1322 longae
433 1241 499 1300 dira
514 1239 682 1300 obsidionis
698 1251 827 1321 egestas.

143 1339 244 1417 Hujus
260 1339 341 1398 euim
357 1337 440 1417 quod
454 1355 537 1396 nuno
552 1337 655 1416 agitur
667 1338 838 1400 miserabile
854 1339 947 1401 debet

143 1435 329 1514 Exemplum
344 1453 409 1494 esse
424 1433 501 1508 eibi;
522 1434 710 1512 sicutmodo
725 1437 808 1497 dicta
821 1439 895 1496 mihi
909 1457 986 1518 gens

143 1533 222 1593 Post
236 1550 342 1592 omnes
356 1531 473 1604 herbas,
490 1540 563 1610 post
576 1541 688 1593 cuneta
702 1533 852 1609 animalia,
867 1535 1018 1615 quidquid

144 1628 284 1708 Cogebat
298 1623 388 1686 vacai
401 1629 519 1688 ventris
533 1629 625 1703 furor,
639 1630 778 1690 hostibus
793 1631 865 1710 ipsis
1100 1645 1146 1691 100
1208 1658 1210 1662 ’

143 1725 300 1785 Pallorem
318 1743 354 1784 ac
368 1723 498 1784 maciem
513 1736 545 1786 et
559 1735 668 1786 tenues
682 1726 898 1795 miserantibus
912 1736 1006 1802 artus,

143 1822 285 1882 Membra
299 1820 400 1881 aliena
413 1822 494 1881 fame
508 1823 684 1883 lacerabant
699 1842 763 1882 esse
776 1825 876 1903 parati

143 1919 186 1978 Et
201 1938 264 1978 sua.
301 1918 453 1991 Quisnam
467 1919 627 1980 hominum
641 1920 764 1980 veniam
779 1921 860 1996 dare,
876 1921 982 2001 quisve
997 1921 1125 1983 deorum

144 2017 272 2078 Viribus
288 2017 430 2077 abnuerit
445 2017 512 2076 dira
529 2025 621 2096 atque
635 2016 781 2076 immania
794 2019 899 2096 passis,

143 2115 188 2175 Et
203 2115 313 2195 quibus
328 2114 451 2175 illorum
465 2121 609 2192 poterant
623 2113 781 2193 ignoscere
795 2133 901 2174 manes
1099 2129 1145 2174 105

144 2215 286 2288 Qirorum
301 2211 478 2292 corporibus
493 2210 717 2270 vescebantur?
757 2209 870 2270 Melius
883 2229 947 2270 nos·

144 2312 278 2373 Zenonis
293 2317 458 2392 praecepta
473 2315 618 2380 monent;
639 2326 697 2366 nec
711 2306 793 2366 enim
811 2307 921 2380 omnia,
936 2307 1087 2387 quaedam

143 2411 208 2474 Pro
222 2411 288 2473 vita
301 2407 441 2470 facienda
455 2413 554 2486 putat.
597 2403 660 2464 Sed
676 2403 832 2464 Cantaber
844 2405 926 2462 unde

145 2509 277 2582 Stoicus,
291 2505 410 2585 antiqui
426 2500 607 2583 praesertim
622 2508 723 2560 aetate
738 2496 879 2560 Metelli?

143 2607 238 2668 Nunc
252 2618 337 2669 totus
348 2606 455 2667 Graias
470 2611 651 2679 nostrasque
665 2598 759 2657 habet
774 2597 854 2656 orbis
868 2597 1017 2658 Athenas.
1100 2613 1146 2659 110

143 2705 245 2765 Gallia
259 2705 427 2766 causidicos
443 2701 550 2762 docuit
564 2696 696 2757 facunda
710 2693 884 2765 Britanno&

143 2801 193 2861 De
209 2802 409 2880 eondpeendo
422 2801 559 2882 loquitur
568 2800 635 2881 jam
651 2795 772 2853 rhetore
788 2789 896 2850 Thule.
1032 2865 1033 2872 ἵ

143 2896 267 2958 Nobilis
281 2898 331 2957 ille
346 2907 450 2958 tamen
465 2897 597 2977 populns
613 2913 705 2975 quem
722 2887 862 2961 diximus,
877 2896 909 2948 et
922 2906 977 2968 par

144 2993 272 3054 Virtute
288 3003 380 3074 atque
394 2995 456 3054 fide
471 2995 524 3054 sed
539 2985 641 3073 major
653 2990 740 3052 clade
757 2985 914 3065 Saguntos

144 3089 222 3150 Tale
237 3091 310 3170 quid
326 3099 460 3150 excusat.
501 3089 659 3151 Maeotide
674 3088 794 3150 saevior
809 3101 861 3142 ara

145 3185 328 3266 Aegyptum
350 3186 464 3265 quippe
478 3186 531 3245 illa
545 3183 674 3246 nefandi
684 3187 815 3246 Taurica
830 3179 907 3242 sacri

144 3281 307 3342 Inventrix
320 3282 460 3342 homines
478 3283 527 3358 (ut
537 3283 602 3362 jam
617 3303 695 3363 qnae
710 3283 845 3344 carmina
859 3278 988 3341 tradunt

144 3377 251 3458 Digna
264 3378 325 3438 fide
341 3379 461 3458 credas)
478 3387 599 3438 tantum
613 3379 761 3452 immolat,
777 3381 905 3440 ulterius
919 3379 962 3438 nil

143 3475 213 3534 Aut
228 3474 351 3554 gravius
366 3474 465 3534 cultro
480 3474 571 3536 timet
584 3475 694 3536 hostia.
736 3476 813 3548 Quia
828 3479 922 3537 modo
937 3495 1024 3538 casus

145 3570 277 3652 Impulit
289 3571 368 3630 hos?
389 3589 467 3650 quae
481 3578 570 3631 tanta
583 3571 678 3632 fames
691 3572 862 3651 infestaque
876 3574 959 3633 vallo
1101 3584 1147 3630 120
