2622 4168
517 410 654 460 SATIRA
675 410 741 458 VII.

137 583 317 665 Impatiens,
332 581 461 660 cupidus
476 579 620 640 silvarum
636 585 786 657 aptusque
801 575 943 636 bibendis

137 680 290 741 Fontibus
305 677 474 738 Aonidum.
516 675 627 754 Neque
642 674 725 734 enim
740 683 864 734 cantare
879 674 936 734 sub
950 682 1039 733 antro

137 777 240 837 Pierio
254 776 440 855 thyrsumve‘
451 781 555 851 potest
569 771 749 850 contingere
764 780 883 831 moesta
1110 784 1142 830 60

137 874 309 954 Paupertas
324 882 416 951 atque
432 868 509 929 acris
523 868 621 947 inops,
636 888 697 947 quo
711 877 802 928 nocte
818 868 928 947 dieque

138 973 258 1050 Corpus
272 978 359 1050 eget:
381 977 467 1028 satur
482 976 529 1026 est
544 985 639 1044 quum
654 964 730 1026 dicit
744 964 901 1038 Horatius,
916 964 1019 1026 Euoel

139 1067 217 1138 Quis
231 1067 317 1126 locus
330 1064 463 1146 ingenio,
479 1062 537 1123 nisi
553 1083 649 1142 quum
664 1082 695 1122 se
710 1061 844 1121 carmine
859 1062 924 1122 solo

140 1163 269 1223 Vexent
284 1171 316 1222 et
331 1162 463 1222 dominis
478 1160 605 1221 Cirrhae
621 1158 788 1238 Nysaeque
802 1159 943 1218 feruntur

138 1261 272 1321 Pectora
286 1270 389 1320 vestra
403 1259 479 1318 duas
494 1279 557 1319 non
573 1256 771 1317 admittentia
786 1256 896 1315 ouras?

137 1356 272 1436 Magnae
287 1355 398 1415 mentis
413 1375 490 1434 opus
503 1374 561 1414 neo
577 1354 615 1413 de
630 1352 730 1412 lodice
745 1351 881 1431 paranda

138 1453 302 1514 Attonitae
318 1472 423 1512 currus
438 1461 470 1511 et
484 1471 579 1532 equos
593 1450 747 1529 faciesque
762 1451 891 1510 deorum

137 1550 287 1629 Aspicere
302 1558 334 1609 et
348 1549 446 1628 qualis
460 1549 614 1608 Rutulum
630 1547 800 1608 confundat
815 1547 959 1628 Erinnys·

138 1646 221 1706 Nam
236 1647 262 1706 si
276 1646 410 1726 Virgilio
424 1665 501 1725 puer
515 1657 548 1706 et
562 1644 722 1705 tolerabile
739 1644 860 1705 deesset

138 1743 326 1822 Hospitium,
342 1744 488 1804 caderent
503 1763 609 1802 omnes
624 1761 642 1802 a
657 1741 791 1802 crinibus
804 1741 915 1820 hydri3

29 1857 31 1861 '
139 1841 240 1901 Surda
254 1840 331 1900 nihil
344 1849 483 1920 gemeret
497 1859 592 1920 grave
605 1839 746 1899 buccina.
787 1838 949 1900 Poscimus
962 1849 998 1901 ut
1013 1839 1053 1903 sit

137 1937 211 1996 Non
226 1937 327 1996 minor
341 1936 468 2015 antiquo
483 1935 648 1996 Rubrenus
662 1935 769 2015 Lappa
783 1936 944 2011 cothurno,

139 2033 234 2110 Cujus
249 2041 281 2094 et
296 2033 430 2092 alveolos
446 2045 477 2092 et
490 2033 611 2092 laenam
626 2032 769 2112 pignerat
783 2032 909 2093 Atreus.

137 2129 210 2189 Non
225 2130 319 2190 habet
332 2129 437 2189 infelix
452 2127 484 2187 N
487 2129 601 2189 umitor
615 2128 699 2209 quod
714 2129 821 2190 mittat
836 2129 953 2207 amico;

133 2225 310 2298 *Quintillae
325 2225 408 2316 quod
423 2225 519 2286 donet
533 2225 644 2300 habet;
667 2245 724 2286 neo
739 2225 838 2286 defuit
852 2225 897 2286 illi

138 2322 233 2384 Unde
249 2332 365 2382 emeret
378 2324 477 2383 multa
491 2323 679 2401 pascendum
696 2342 786 2384 came
801 2323 924 2385 leonem

137 2419 158 2480 J
160 2439 208 2478 am
224 2419 395 2479 domitum:
417 2429 538 2480 constat
553 2419 661 2480 leviori
676 2420 780 2480 bellua
794 2430 919 2501 sumptu

138 2516 303 2590 Nimirum,
317 2524 350 2576 et
363 2516 489 2595 capiunt
501 2517 571 2596 plus
584 2517 733 2578 intestina
747 2528 866 2598 poetae.

139 2615 312 2676 Contentus
325 2614 406 2672 l'arna
420 2614 525 2693 jaceat
539 2613 683 2675 Lucanus
698 2615 729 2676 in
744 2615 842 2677 hortis

137 2710 336 2771 Marmoreis:
357 2719 389 2770 at
405 2709 536 2770 Serrano
550 2712 698 2792 tenuique
714 2712 817 2774 Saleio

137 2807 244 2866 Gloria
258 2806 450 2886 quantalibet
465 2807 539 2886 quid
556 2809 623 2884 erit,
639 2809 663 2868 si
677 2810 776 2890 gloria
789 2819 913 2872 tantum
927 2813 997 2874 est?
1036 2811 1038 2816 ’

138 2903 279 2966 Cunitur
293 2903 333 2962 ad
348 2922 456 2962 vocem
471 2904 646 2984 jucundam
661 2917 693 2966 et
709 2927 831 2967 carmen
847 2909 962 2970 amicae

137 2997 321 3072 Thebaidos,
335 2999 449 3058 laetam
464 2999 538 3060 fecit
554 3021 650 3080 quum
666 3001 784 3062 Statius
798 3001 919 3063 Urbem

136 3093 343 3174 Promisitquc
358 3093 449 3155 diem.
491 3095 596 3158 Tanta
612 3098 775 3158 dulcedine
790 3109 897 3178 captos

135 3190 242 3250 Allicit
256 3190 308 3250 ille
324 3192 443 3254 animos
459 3202 606 3273 tantaque
622 3195 749 3254 libidine
764 3195 851 3276 vulgi

135 3286 290 3347 Auditur:
313 3289 367 3350 sed
383 3310 478 3369 quum
492 3290 585 3370 fregit
600 3292 744 3352 subsellia
757 3312 848 3353 versu

135 3383 250 3458 Esurit,
265 3385 415 3446 intactam
430 3386 537 3446 Pan‘di
552 3387 611 3448 nisi
625 3388 743 3449 vendat
758 3388 899 3469 Agaven.

134 3477 194 3538 Ille
208 3487 240 3540 et
255 3479 384 3541 militiae
399 3481 505 3542 multis
519 3482 649 3562 largitur
663 3483 821 3557 honorem,

136 3575 285 3638 Semestn'
299 3585 409 3638 vatum
424 3577 539 3658 digitos
554 3578 747 3659 circumligat
762 3599 845 3640 auro.
